@article{CMSVBFpaper,
	collaboration = {The CMS collaboration},
	da = {2015/11/27},
	date-added = {2021-05-26 13:50:37 +0100},
	date-modified = {2021-05-26 13:50:37 +0100},
	doi = {10.1007/JHEP11(2015)189},
	id = {Khachatryan2015},
	isbn = {1029-8479},
	journal = {Journal of High Energy Physics},
	number = {11},
	pages = {189},
	title = {Search for supersymmetry in the vector-boson fusion topology in proton-proton collisions at {\$}{\$} {$\backslash$}sqrt{\{}s{\}}=8 {\$}{\$}TeV},
	ty = {JOUR},
	url = {https://doi.org/10.1007/JHEP11(2015)189},
	volume = {2015},
	year = {2015},
	Bdsk-Url-1 = {https://doi.org/10.1007/JHEP11(2015)189}
}

@article{tauSubstructure2016,
	collaboration = {ATLAS},
	da = {2016/05/25},
	date-added = {2021-05-24 14:25:52 +0100},
	date-modified = {2021-05-24 14:25:52 +0100},
	doi = {10.1140/epjc/s10052-016-4110-0},
	id = {Aad2016},
	isbn = {1434-6052},
	journal = {The European Physical Journal C},
	number = {5},
	pages = {295},
	title = {Reconstruction of hadronic decay products of tau leptons with the ATLAS experiment},
	ty = {JOUR},
	url = {https://doi.org/10.1140/epjc/s10052-016-4110-0},
	volume = {76},
	year = {2016},
	Bdsk-Url-1 = {https://doi.org/10.1140/epjc/s10052-016-4110-0}	
}

@article{HLLHC,
    title = "{Letter of Intent for the Phase-II Upgrade of the ATLAS Experiment}",
    reportNumber = "LHCC-I-023, CERN-LHCC-2012-022",
    year = "2012"
}

@article{analysis_c1c1_c1n2,
    author = "Aaboud, Morad and others",
    collaboration = "ATLAS",
    title = "{Search for the direct production of charginos and neutralinos  in final states with tau leptons in $\sqrt{s} = $ 13 TeV $pp$ collisions with the ATLAS detector}",
    eprint = "1708.07875",
    archivePrefix = "arXiv",
    primaryClass = "hep-ex",
    reportNumber = "CERN-EP-2017-173",
    doi = "10.1140/epjc/s10052-018-5583-9",
    journal = "Eur. Phys. J. C",
    volume = "78",
    number = "2",
    pages = "154",
    year = "2018"
}

@article{vbf_boost2,
    author = "Delannoy, Andres G. and others",
    title = "{Probing Dark Matter at the LHC using Vector Boson Fusion Processes}",
    eprint = "1304.7779",
    archivePrefix = "arXiv",
    primaryClass = "hep-ph",
    doi = "10.1103/PhysRevLett.111.061801",
    journal = "Phys. Rev. Lett.",
    volume = "111",
    pages = "061801",
    year = "2013"
}

@article{vbf_boost1,
author = {Giudice, Gian and Han, Tao and Wang, Kai and Wang, Lian-Tao},
year = {2010},
month = {04},
pages = {},
title = {Nearly Degenerate Gauginos and Dark Matter at the LHC},
volume = {81},
journal = {Physical Review D},
doi = {10.1103/PhysRevD.81.115011}
}

@article{vbf,
    author = "Bjorken, J. D.",
    title = "{Rapidity gaps and jets as a new physics signature in very high-energy hadron hadron collisions}",
    reportNumber = "SLAC-PUB-5616",
    doi = "10.1103/PhysRevD.47.101",
    journal = "Phys. Rev. D",
    volume = "47",
    pages = "101--113",
    year = "1993"
}

@book{pullman2001atom,
  title={The Atom in the History of Human Thought},
  author={Pullman, B. and Reisinger, A.R.},
  isbn={9780195150407},
  lccn={97036040},
  url={https://books.google.co.uk/books?id=IQs5hur-BpgC},
  year={2001},
  publisher={Oxford University Press}
}

@article{PhysRevD.93.052002,
  title = {Search for the electroweak production of supersymmetric particles in $\sqrt{s}=8\text{ }\text{ }\mathrm{TeV}$ $pp$ collisions with the ATLAS detector},
  collaboration = {ATLAS Collaboration},
  journal = {Phys. Rev. D},
  volume = {93},
  issue = {5},
  pages = {052002},
  numpages = {50},
  year = {2016},
  month = {Mar},
  publisher = {American Physical Society},
  doi = {10.1103/PhysRevD.93.052002},
  url = {https://link.aps.org/doi/10.1103/PhysRevD.93.052002}
}

  
  
@article{CMSstauLimits,
	Collaboration= {The CMS collaboration},
	da = {2017/04/04},
	date-added = {2021-04-06 14:13:42 +0100},
	date-modified = {2021-04-06 14:13:42 +0100},
	doi = {10.1007/JHEP04(2017)018},
	id = {Khachatryan2017},
	isbn = {1029-8479},
	journal = {Journal of High Energy Physics},
	number = {4},
	pages = {18},
	title = {Search for electroweak production of charginos in final states with two $\tau$leptons in pp collisions at $\sqrt{s}=8$ TeV},
	ty = {JOUR},
	url = {https://doi.org/10.1007/JHEP04(2017)018},
	volume = {2017},
	year = {2017},
	Bdsk-Url-1 = {https://doi.org/10.1007/JHEP04(2017)018}
}


@article{ACHARD200437,
title = {Search for scalar leptons and scalar quarks at LEP},
journal = {Physics Letters B},
volume = {580},
number = {1},
pages = {37-49},
year = {2004},
issn = {0370-2693},
doi = {https://doi.org/10.1016/j.physletb.2003.10.010},
url = {https://www.sciencedirect.com/science/article/pii/S0370269303015545}
}

@techreport{ATL-PHYS-PUB-2021-007,
      title         = "{SUSY March 2021 Summary Plot Update}",
      institution   = "CERN",
      collaboration = "ATLAS Collaboration",
      address       = "Geneva",
      number        = "ATL-PHYS-PUB-2021-007",
      month         = "Mar",
      year          = "2021",
      reportNumber  = "ATL-PHYS-PUB-2021-007",
      url           = "http://cds.cern.ch/record/2758782",
}
@article{StopCMS1,
   title={Search for top squark pair production in a final state with two tau leptons in proton-proton collisions at $\sqrt{s} $ = 13 TeV},
   volume={2020},
   ISSN={1029-8479},
   url={http://dx.doi.org/10.1007/JHEP02(2020)015},
   DOI={10.1007/jhep02(2020)015},
   number={2},
   journal={Journal of High Energy Physics},
   publisher={Springer Science and Business Media LLC},
   author={Sirunyan, A. M. and Tumasyan, A. and Adam, W. and Ambrogi, F. and Bergauer, T. and Brandstetter, J. and Dragicevic, M. and Erö, J. and Escalante Del Valle, A. and et al.},
   year={2020},
   month={Feb}
}

@article{StopCMS2,
   title={Search for direct top squark pair production in events with one lepton, jets, and missing transverse momentum at 13 TeV with the CMS experiment},
   volume={2020},
   ISSN={1029-8479},
   url={http://dx.doi.org/10.1007/JHEP05(2020)032},
   DOI={10.1007/jhep05(2020)032},
   number={5},
   journal={Journal of High Energy Physics},
   publisher={Springer Science and Business Media LLC},
   author={Sirunyan, A. M. and Tumasyan, A. and Adam, W. and Ambrogi, F. and Bergauer, T. and Brandstetter, J. and Dragicevic, M. and Erö, J. and Escalante Del Valle, A. and et al.},
   year={2020},
   month={May}
}

@techreport{stopRun2,
      title={Search for new phenomena with top quark pairs in final states with one lepton, jets, and missing transverse momentum in $pp$ collisions at $\sqrt{s}$= 13 TeV with the ATLAS detector}, 
      author={ATLAS Collaboration},
      year={2020},
      eprint={2012.03799},
      archivePrefix={arXiv},
      primaryClass={hep-ex}
}

@article{gluino13tev,
	collaboration = {ATLAS Collaboration},
	da = {2020/10/12},
	date-added = {2021-03-31 17:06:04 +0100},
	date-modified = {2021-03-31 17:06:04 +0100},
	doi = {10.1007/JHEP10(2020)062},
	id = {Aad2020},
	isbn = {1029-8479},
	journal = {Journal of High Energy Physics},
	number = {10},
	pages = {62},
	title = {Search for new phenomena in final states with large jet multiplicities and missing transverse momentum using {\$}{\$} {$\backslash$}sqrt{\{}s{\}} {\$}{\$}= 13 TeV proton-proton collisions recorded by ATLAS in Run 2 of the LHC},
	ty = {JOUR},
	url = {https://doi.org/10.1007/JHEP10(2020)062},
	volume = {2020},
	year = {2020},
	Bdsk-Url-1 = {https://doi.org/10.1007/JHEP10(2020)062}}


@article{PhysRevD.97.112001,
  title = {Search for squarks and gluinos in final states with jets and missing transverse momentum using $36\text{ }\text{ }{\mathrm{fb}}^{\ensuremath{-}1}$ of $\sqrt{s}=13\text{ }\text{ }\mathrm{TeV}$ $pp$ collision data with the ATLAS detector},
  collaboration = {ATLAS Collaboration},
  journal = {Phys. Rev. D},
  volume = {97},
  issue = {11},
  pages = {112001},
  numpages = {47},
  year = {2018},
  month = {Jun},
  publisher = {American Physical Society},
  doi = {10.1103/PhysRevD.97.112001},
  url = {https://link.aps.org/doi/10.1103/PhysRevD.97.112001}
}

@article{Bona_2008,
	doi = {10.1088/1126-6708/2008/03/049},
	url = {https://doi.org/10.1088/1126-6708/2008/03/049},
	year = 2008,
	month = {mar},
	publisher = {Springer Science and Business Media {LLC}},
	volume = {2008},
	number = {03},
	pages = {049--049},
	author = {M Bona and M Ciuchini and E Franco and V Lubicz and G Martinelli and F Parodi and M Pierini and P Roudeau and C Schiavi and L Silvestrini and V Sordini and A Stocchi and V Vagnoni},
	title = {Model-independent constraints on $\Delta$F= 2 operators and the scale of new physics},
	journal = {Journal of High Energy Physics}
}

@article{ELLIS1984453,
title = {Supersymmetric relics from the big bang},
journal = {Nuclear Physics B},
volume = {238},
number = {2},
pages = {453-476},
year = {1984},
issn = {0550-3213},
doi = {https://doi.org/10.1016/0550-3213(84)90461-9},
url = {https://www.sciencedirect.com/science/article/pii/0550321384904619},
author = {John Ellis and J.S. Hagelin and D.V. Nanopoulos and K. Olive and M. Srednicki},
abstract = {We consider the cosmological constraints on supersymmetric theories with a new, stable particle. Circumstantial evidence points to a neutral gauge/Higgs fermion as the best candidate for this particle, and we derive bounds on the parameters in the lagrangian which govern its mass and couplings. One favored possibility is that the lightest neutral supersymmetric particle is predominantly a photino ∼γ with mass above 12 GeV, while another is that the lightest neutral supersymmetric particle is a Higgs fermion with mass above 5 GeV or less than O(100) eV. We also point out that a gravitino mass of 10 to 100 GeV implies that the temperature after completion of an inflationary phase cannot be above 1014 GeV, and probably not above 3 × 1012 GeV. This imposes constraints on mechanisms for generating the baryon number of the universe.}
}

@article{CS_KI_1996,
   title={THE MINIMAL SUPERSYMMETRIC STANDARD MODEL},
   volume={11},
   ISSN={1793-6632},
   url={http://dx.doi.org/10.1142/S021773239600062X},
   DOI={10.1142/s021773239600062x},
   number={08},
   journal={Modern Physics Letters A},
   publisher={World Scientific Pub Co Pte Lt},
   author={CSÁKI, CSABA},
   year={1996},
   month={Mar},
   pages={599–613}
}

@ARTICLE{galrot,
       author = {{Gentile}, G. and {J\'{o}zsa}, G.~I.~G. and {Serra}, P. and {Heald}, G.~H. and {de Blok}, W.~J.~G. and {Fraternali}, F. and {Patterson}, M.~T. and {Walterbos}, R.~A.~M. and {Oosterloo}, T.},
        title = "{HALOGAS: Extraplanar gas in NGC 3198}",
      journal = {Astronomy and Astrophysics},
     keywords = {galaxies: halos, galaxies: ISM, galaxies: kinematics and dynamics, galaxies: individual:, galaxies: structure, Astrophysics - Cosmology and Nongalactic Astrophysics},
         year = 2013,
        month = jun,
       volume = {554},
          eid = {A125},
        pages = {A125},
          doi = {10.1051/0004-6361/201321116},
archivePrefix = {arXiv},
       eprint = {1304.4232},
 primaryClass = {astro-ph.CO},
       adsurl = {https://ui.adsabs.harvard.edu/abs/2013A&A...554A.125G},
      adsnote = {Provided by the SAO/NASA Astrophysics Data System}
}

@article{Jarosik_2011,
	doi = {10.1088/0067-0049/192/2/14},
	url = {https://doi.org/10.1088/0067-0049/192/2/14},
	year = 2011,
	month = {jan},
	publisher = {American Astronomical Society},
	volume = {192},
	number = {2},
	pages = {14},
	author = {N. Jarosik and C. L. Bennett and J. Dunkley and B. Gold and M. R. Greason and M. Halpern and R. S. Hill and G. Hinshaw and A. Kogut and E. Komatsu and D. Larson and M. Limon and S. S. Meyer and M. R. Nolta and N. Odegard and L. Page and K. M. Smith and D. N. Spergel and G. S. Tucker and J. L. Weiland and E. Wollack and E. L. Wright},
	title = { SEVEN-YEAR WILKINSON MICROWAVE ANISOTROPY PROBE (WMAP) OBSERVATIONS: SKY MAPS, SYSTEMATIC ERRORS, AND BASIC RESULTS},
	journal = {The Astrophysical Journal Supplement Series},
	}
@article{KUZMIN198536,
title = {On anomalous electroweak baryon-number non-conservation in the early universe},
journal = {Physics Letters B},
volume = {155},
number = {1},
pages = {36-42},
year = {1985},
issn = {0370-2693},
doi = {https://doi.org/10.1016/0370-2693(85)91028-7},
url = {https://www.sciencedirect.com/science/article/pii/0370269385910287},
author = {V.A. Kuzmin and V.A. Rubakov and M.E. Shaposhnikov}
}

@article{CARENA2001158,
title = {Supersymmetric CP-violating currents and electroweak baryogenesis},
journal = {Nuclear Physics B},
volume = {599},
number = {1},
pages = {158-184},
year = {2001},
issn = {0550-3213},
doi = {https://doi.org/10.1016/S0550-3213(01)00032-3},
url = {https://www.sciencedirect.com/science/article/pii/S0550321301000323},
author = {M. Carena and J.M. Moreno and M. Quirós and M. Seco and C.E.M. Wagner}
}
@article{Sakharov_1991,
	doi = {10.1070/pu1991v034n05abeh002497},
	url = {https://doi.org/10.1070/pu1991v034n05abeh002497},
	year = 1991,
	month = {may},
	publisher = {{IOP} Publishing},
	volume = {34},
	number = {5},
	pages = {392--393},
	author = {Andrei D Sakharov},
	title = {Violation {ofCPin} variance,Casymmetry, and baryon asymmetry of the universe},
	journal = {Soviet Physics Uspekhi}
}

@book{ross1984grand,
  title={Grand Unified Theories},
  author={Ross, G.G. and Benjamin/Cummings Publishing Company},
  isbn={9780805369670},
  lccn={lc84020329},
  series={Benjamin/Cummings Series in the Life Sciences},
  url={https://books.google.co.uk/books?id=cfbvAAAAMAAJ},
  year={1984},
  publisher={Benjamin/Cummings Publishing Company}
}

@article{Chan_1998,
   title={Naturalness, weak scale supersymmetry, and the prospect for the observation of supersymmetry at the Fermilab Tevatron and at the CERN LHC},
   volume={58},
   ISSN={1089-4918},
   url={http://dx.doi.org/10.1103/PhysRevD.58.096004},
   DOI={10.1103/physrevd.58.096004},
   number={9},
   journal={Physical Review D},
   publisher={American Physical Society (APS)},
   author={Chan, Kwok Lung and Chattopadhyay, Utpal and Nath, Pran},
   year={1998},
   month={Sep}
}


@article{2018345,
title = {Measurement of the Higgs boson mass in the $H\rightarrow ZZ*\rightarrow 4\ell$ and $H\rightarrow\gamma\gamma$ channels with s=13 TeV pp collisions using the ATLAS detector},
journal = {Physics Letters B},
volume = {784},
pages = {345-366},
year = {2018},
issn = {0370-2693},
doi = {https://doi.org/10.1016/j.physletb.2018.07.050},
url = {https://www.sciencedirect.com/science/article/pii/S0370269318305884},
collaboration = {ATLAS Collaboration},
}
@article{PhysRevD.101.012002,
  title = {Combined measurements of Higgs boson production and decay using up to $80\text{ }\text{ }{\mathrm{fb}}^{\ensuremath{-}1}$ of proton-proton collision data at $\sqrt{s}=13\text{ }\text{ }\mathrm{TeV}$ collected with the ATLAS experiment},
  collaboration = {ATLAS Collaboration},
  journal = {Phys. Rev. D},
  volume = {101},
  issue = {1},
  pages = {012002},
  numpages = {48},
  year = {2020},
  month = {Jan},
  publisher = {American Physical Society},
  doi = {10.1103/PhysRevD.101.012002},
  url = {https://link.aps.org/doi/10.1103/PhysRevD.101.012002}
}
@article{Ellis:2012465,
      author     = {Ellis, John and Gaillard, Mary K. and Nanopoulos, Dimitri V.},
      title         = {A Historical Profile of the Higgs Boson. An Updated Historical Profile of the Higgs Boson},                 
      number   = {KCL-PH-TH-2015-20. KCL-PH-TH-2015-20. LCTS-2015-10.CERN-PH-TH-2015-098},
      pages     = {255-274. 20 p},
      month     = {Apr},
      year        = {2015},
      reportNumber  = {KCL-PH-TH-2015-20},
      url           = {https://cds.cern.ch/record/2012465},
      doi          = {10.1142/9789814733519_0014},
}

@article{Nformula,
    author = {Nakano, Tadao and Nishijima, Kazuhiko},
    title = "{Charge Independence for V-particles*}",
    journal = {Progress of Theoretical Physics},
    volume = {10},
    number = {5},
    pages = {581-582},
    year = {1953},
    month = {11},
    issn = {0033-068X},
    doi = {10.1143/PTP.10.581},
    url = {https://doi.org/10.1143/PTP.10.581},
    eprint = {https://academic.oup.com/ptp/article-pdf/10/5/581/5364926/10-5-581.pdf},
}
@article{GMformula,
	author = {Gell-Mann, M. },
	da = {1956/04/01},
	date-added = {2021-03-12 16:32:15 +0000},
	date-modified = {2021-03-12 16:32:15 +0000},
	doi = {10.1007/BF02748000},
	id = {Gell-Mann1956},
	isbn = {1827-6121},
	journal = {Il Nuovo Cimento (1955-1965)},
	number = {2},
	pages = {848--866},
	title = {The interpretation of the new particles as displaced charge multiplets},
	ty = {JOUR},
	url = {https://doi.org/10.1007/BF02748000},
	volume = {4},
	year = {1956},
	Bdsk-Url-1 = {https://doi.org/10.1007/BF02748000}
}


@article{doi:10.1080/00411457108231446,
author = { Emmy   Noether },
title = {Invariant variation problems},
journal = {Transport Theory and Statistical Physics},
volume = {1},
number = {3},
pages = {186-207},
year  = {1971},
publisher = {Taylor & Francis},
doi = {10.1080/00411457108231446},
URL = { https://doi.org/10.1080/00411457108231446},    
eprint = {https://doi.org/10.1080/00411457108231446}
}
@book{MartinB.R.BrianRobert1997Pp,
series = {The Manchester physics series},
publisher = {Wiley},
isbn = {0471972525},
year = {1997},
title = {Particle physics},
edition = {2nd ed..},
language = {eng},
address = {Chichester},
author = {Martin, B. R. (Brian Robert)},
keywords = {Particles (Nuclear physics)},
}

@article{TDAQRun2,
	doi = {10.1088/1742-6596/898/3/032017},
	url = {https://doi.org/10.1088/1742-6596/898/3/032017},
	year = 2017,
	month = {oct},
	publisher = {{IOP} Publishing},
	volume = {898},
	pages = {032017},
	author = {William Panduro Vazquez and},
	title = {The {ATLAS} Data Acquisition System in {LHC} Run 2},
	journal = {Journal of Physics: Conference Series},
	abstract = {The LHC has been providing pp collisions with record luminosity and energy since the start of Run 2 in 2015. The Trigger and Data Acquisition system of the ATLAS experiment has been upgraded to deal with the increased performance required by this new operational mode.

The dataflow system and associated network infrastructure have been reshaped in order to benefit from technological progress and to maximize the flexibility and efficiency of the data selection process. The new design is radically different from the previous implementation both in terms of architecture and performance, with the previous two-level structure merged into a single processing farm, performing incremental data collection and analysis. In addition, logical farm slicing, with each slice managed by a dedicated supervisor, has been dropped in favour of global management by a single farm master operating at 100 kHz. This farm master has also been integrated with a new software-based Region of Interest builder, replacing the previous VMEbus-based system. Finally, the Readout system has been completely refitted with new higher performance, lower footprint server machines housing a new custom front-end interface card.

Here we will cover the overall design of the system, along with performance results from the start-up phase of LHC Run 2.}
}
@article{TDAQRun1,
	doi = {10.1088/1748-0221/11/06/p06008},
	url = {https://doi.org/10.1088/1748-0221/11/06/p06008},
	year = 2016,
	month = {jun},
	publisher = {{IOP} Publishing},
	volume = {11},
	number = {06},
	pages = {P06008--P06008},
	title = {The {ATLAS} Data Acquisition and High Level Trigger system},
	journal = {Journal of Instrumentation},
	abstract = {This paper describes the data acquisition and high level trigger system of the ATLAS experiment at the Large Hadron Collider at CERN, as deployed during Run 1. Data flow as well as control, configuration and monitoring aspects are addressed. An overview of the functionality of the system and of its performance is presented and design choices are  discussed.}
}

@techreport{CERN-LHCC-2017-019,
      title         = "{Technical Design Report for the Phase-II Upgrade of the
                       ATLAS Tile Calorimeter}",
      institution   = "CERN",
      collaboration = "ATLAS Collaboration",
      address       = "Geneva",
      number        = "CERN-LHCC-2017-019. ATLAS-TDR-028",
      month         = "Sep",
      year          = "2017",
      reportNumber  = "CERN-LHCC-2017-019",
      url           = "https://cds.cern.ch/record/2285583",
}

%author = {G Aad and M Ackers and F A Alberti and M Aleppo and G Alimonti and J Alonso and E C Anderssen and A Andreani and A Andreazza and J-F Arguin and K E Arms and D Barberis and M B Barbero and M Bazalova and R B Beccherle and K H Becks and P K Behera and F Bellina and J Beringer and K Bernardet and J B Biesiada and L Blanquart and J Boek and G R Boyd and P Breugnon and P Buchholz and B Butler and M Caccia and A C Capsoni and C Caso and D Cauz and M Cepeda and R Cereseto and M Cervetto and M L Chu and M Citterio and J C Clemens and Y C Coadou and M Cobal and A Coccaro and S Coelli and S Correard and M Cristinziani and S Cuneo and S D{\textquotesingle}Auria and M Dameri and G Darbo and S Dardin and B De Lotto and U De Sanctis and J B De Vivie De Regie and C Del Papa and P Delpierre and B Di Girolamo and W Dietsche and F Djama and D Dobos and M Donega and J Dopke and K Einsweiler and A Eyring and D Fasching and L Feligioni and D Ferguson and W Fernando and P Fischer and M J Fisher and T Flick and G Gagliardi and E Galyaev and K K Gan and M Garcia-Sciveres and N Garelli and G G Gariano and G G Gaycken and C Gemme and P Gerlach and M Gilchriese and M P Giordani and D Giugni and K W Glitza and C Gössling and T Golling and F Goozen and I Gorelov and G Gorfine and C Grah and H M Gray and I M Gregor and J Grosse-Knetter and K Grybel and P Gutierrez and G D Hallewell and N Hartman and M Havranek and B Heinemann and T Hen{\ss} and M R Hoeferkamp and D Hoffmann and M Holder and W Honerbach and C Horn and S Hou and G S Huang and F Huegging and E W Hughes and I Ibragimov and I Ilyashenko and M Imhaeuser and J M Izen and J Jackson and D Jana and R C Jared and P Jez and T Johnson and J Joseph and H Kagan and M Karagounis and R D Kass and M Keil and S Kersten and P Kind and J Klaiber-Lodewigs and L Klingbeil and R Klingenberg and A Korn and V V Kostyukhin and I Kostyukhina and O Krasel and H Krüger and K Krueger and J Kudlaty and T Kuhl and O Kvasnicka and K Lantzsch and T Lari and S L Latorre and S C Lee and T Lenz and G Lenzen and J Lepidis and J Lev{\^{e}}que and M Leyton and D Lopez Mateos and K F Loureiro and D Lüke and L Luisa and J Lys and R J Madaras and P Mättig and F M Manca and E Mandelli and M Marcisovsky and Z Marshall and G Martinez and L Masetti and M Ma{\ss} and M Mathes and R McKay and G Meddeler and R Meera-Lebbai and C Meroni and J Metcalfe and W T Meyer and D W Miller and W Miller and S Montesano and M M Monti and P Morettini and J M Moss and T Mouthuy and P Nechaeva and W Ockenfels and G A Odino and M Olcese and B Osculati and F Parodi and A Pekedis and K Perez and I Peric and C Pizzorno and J Popule and R Post and F Ragusa and A M Rahimi and B Raith and S Rajek and K Reeves and I Reisinger and J D Richardson and E I Rosenberg and L P Rossi and I Rottländer and A R Rovani and A Rozanov and O Runolfsson and E R Ruscino and A F Saavedra and F S Sabatini and M Saleem and S Sandvoss and B Sanny and L Santi and M I Scherzer and C Schiavi and A Schreiner and J Schultes and A Schwartzman and R Seibert and S C Seidel and H Severini and S Shanava and P Sicho and P Skubic and A C Smith and D S Smith and J Snow and T Stahl and T Stockmanns and S Strandberg and M Strauss and D Ta and F Tegenfeldt and P K Teng and R Ter-Antonyan and J Thadome and T Tic and L Tomasek and M Tomasek and F Tomasi and K Toms and C Tran and J Treis and N Triplett and C Troncon and L Vacavant and S Vahsen and J Valenta and G Vegni and F Vernocchi and E Vigeolas and J Virzi and E Viscione and V Vrba and J Walbersloh and W Walkowiak and J Weber and T F Weber and J Weingarten and C Weldon and N Wermes and U Werthenbach and J S Wirth and R Witharm and B Witt and M Wittgen and J Wuestenfeld and R Wunstorf and J Wyckoff and W-M Yao and C Young and R Zaidan and M Zdrazil and F Zetti and J Zhong and M Ziolkowski and G Zizka and M M Zoeller},
@article{Pixelbib,
	doi = {10.1088/1748-0221/3/07/p07007},
	url = {https://doi.org/10.1088/1748-0221/3/07/p07007},
	year = 2008,
	month = {jul},
	publisher = {{IOP} Publishing},
	volume = {3},
	number = {07},
	pages = {P07007--P07007},
	collaboration={ATLAS},
	title = {{ATLAS} pixel detector electronics and sensors},
	journal = {Journal of Instrumentation},
	abstract = {The silicon pixel tracking system for the ATLAS experiment  at the Large Hadron Collider is described and the performance  requirements are summarized. Detailed descriptions of the pixel  detector electronics and the silicon sensors are given. The design,  fabrication, assembly and performance of the pixel detector modules  are presented.  Data obtained from test beams as well as studies  using cosmic rays are also discussed.}
}

%author = {A. Ahmad and Z. Albrechtskirchinger and P.P. Allport and J. Alonso and L. Andricek and R.J. Apsimon and A.J. Barr and R.L. Bates and G.A. Beck and P.J. Bell and A. Belymam and J. Benes and C.M. Berg and J. Bernabeu and S. Bethke and N. Bingefors and J.P. Bizzell and J. Bohm and R. Brenner and T.J. Brodbeck and P. {Bruckman De Renstrom} and C.M. Buttar and D. Campbell and C. Carpentieri and A.A. Carter and J.R. Carter and D.G. Charlton and G.-L. Casse and A. Chilingarov and V. Cindro and A. Ciocio and J.V. Civera and A.G. Clark and A.-P. Colijn and M.J. Costa and W. Dabrowski and K.M. Danielsen and I. Dawson and B. Demirkoz and P. Dervan and Z. Dolezal and O. Dorholt and I.P. Duerdoth and M. Dwuznik and S. Eckert and T. Ekelöf and L. Eklund and C. Escobar and D. Fasching and L. Feld and D.P.S. Ferguson and D. Ferrere and R. Fortin and J.M. Foster and H. Fox and R. French and B.P. Fromant and K. Fujita and J. Fuster and S. Gadomski and B.J. Gallop and C. García and J.E. García-Navarro and M.D. Gibson and S. Gonzalez and S. Gonzalez-Sevilla and M.J. Goodrick and E. Gornicki and C. Green and A. Greenall and C. Grigson and A.A. Grillo and J. Grosse-Knetter and C. Haber and T. Handa and K. Hara and R.S. Harper and F.G. Hartjes and T. Hashizaki and D. Hauff and N.P. Hessey and J.C. Hill and T.I. Hollins and S. Holt and T. Horazdovsky and M. Hornung and K.M. Hovland and G. Hughes and T. Huse and Y. Ikegami and Y. Iwata and J.N. Jackson and K. Jakobs and R.C. Jared and L.G. Johansen and R.W.L. Jones and T.J. Jones and P. {de Jong} and J. Joseph and P. Jovanovic and J. Kaplon and Y. Kato and C. Ketterer and I.M. Kindervaag and P. Kodys and E. Koffeman and T. Kohriki and Z. Kohout and T. Kondo and S. Koperny and E. {van der Kraaij} and V. Kral and G. Kramberger and J. Kudlaty and C. Lacasta and M. Limper and V. Linhart and G. Llosá and M. Lozano and I. Ludwig and J. Ludwig and G. Lutz and A. Macpherson and S.J. McMahon and D. Macina and C.A. Magrath and P. Malecki and I. Mandić and S. Martí-García and T. Matsuo and J. Meinhardt and B. Mellado and I.J. Mercer and M. Mikestikova and M. Mikuž and M. Miñano and J. Mistry and V. Mitsou and P. Modesto and B. Mohn and S.D Molloy and G. Moorhead and A. Moraes and D. Morgan and M.C. Morone and J. Morris and H.-G. Moser and A. Moszczynski and A.J.M. Muijs and K. Nagai and Y. Nakamura and I. Nakano and R. Nicholson and T. Niinikoski and R. Nisius and T Ohsugi and V. O’Shea and O.K. Oye and U. Parzefall and J.R. Pater and H. Pernegger and P.W. Phillips and S. Pospisil and P.N. Ratoff and P. Reznicek and J.D. Richardson and R.H. Richter and D. Robinson and S. Roe and G. Ruggiero and K. Runge and H.F.W. Sadrozinski and H. Sandaker and J. Schieck and A. Seiden and S. Shinma and J. Siegrist and T. Sloan and N.A. Smith and S.W. Snow and M. Solar and A. Solberg and B. Sopko and L. Sospedra and H. Spieler and E. Stanecka and S. Stapnes and J. Stastny and F. Stelzer and A. Stradling and B. Stugu and R. Takashima and R. Tanaka and G. Taylor and S. Terada and R.J. Thompson and M. Titov and Y. Tomeda and D.R. Tovey and M. Turala and P.R. Turner and M. Tyndel and M. Ullán and Y. Unno and T. Vickey and M. Vos and R. Wallny and P. Weilhammer and P.S. Wells and J.A. Wilson and M. Wolter and M. Wormald and S.L. Wu and T. Yamashita and D. Žontar and A. Zsenei},


@article{AHMAD200798,
title = {The silicon microstrip sensors of the ATLAS semiconductor tracker},
journal = {Nuclear Instruments and Methods in Physics Research Section A: Accelerators, Spectrometers, Detectors and Associated Equipment},
volume = {578},
number = {1},
pages = {98-118},
year = {2007},
issn = {0168-9002},
doi = {https://doi.org/10.1016/j.nima.2007.04.157},
url = {https://www.sciencedirect.com/science/article/pii/S0168900207007644},
collaboration={ATLAS},
keywords = {ATLAS, SCT, Silicon, Microstrip, Sensor, Module, LHC},
abstract = {This paper describes the AC-coupled, single-sided, p-in-n silicon microstrip sensors used in the Semiconductor Tracker (SCT) of the ATLAS experiment at the CERN Large Hadron Collider (LHC). The sensor requirements, specifications and designs are discussed, together with the qualification and quality assurance procedures adopted for their production. The measured sensor performance is presented, both initially and after irradiation to the fluence anticipated after 10 years of LHC operation. The sensors are now successfully assembled within the detecting modules of the SCT, and the SCT tracker is completed and integrated within the ATLAS Inner Detector. Hamamatsu Photonics Ltd. supplied 92.2% of the 15,392 installed sensors, with the remainder supplied by CiS.}
}

@book{Wille:560708,
      author        = "Wille, Klaus",
      title         = "{The physics of particle accelerators: an introduction}",
      publisher     = "Oxford Univ. Press",
      address       = "Oxford",
      year          = "2000",
      url           = "https://cds.cern.ch/record/560708",
}

@article{pileup,
	doi = {10.1088/1742-6596/513/2/022024},
	url = {https://doi.org/10.1088/1742-6596/513/2/022024},
	year = 2014,
	month = {jun},
	publisher = {{IOP} Publishing},
	volume = {513},
	number = {2},
	pages = {022024},
	author = {Zachary Marshall and},
	title = {Simulation of Pile-up in the {ATLAS} Experiment},
	journal = {Journal of Physics: Conference Series},
	abstract = {The high luminosity of the LHC results in a significant background to interesting physics events known as pile-up. ATLAS has adopted two independent methods for modeling pile-up and its effect on analyses. The first is a bottom-up approach, using a detailed simulation of the detector to recreate each component of the pile-up background. The second uses specially recorded data events to emulate it. This article reports on the experience using both of these methods, including performance considerations, for simulating pile-up in ATLAS.}
}
@article{cms_stau,
   title={Search for supersymmetry in events with a $\tau$ lepton pair and missing transverse momentum in proton-proton collisions at $\sqrt{s}=13$ TeV},
   volume={2018},
   ISSN={1029-8479},
   url={http://dx.doi.org/10.1007/JHEP11(2018)151},
   DOI={10.1007/jhep11(2018)151},
   number={11},
   journal={Journal of High Energy Physics},
   publisher={Springer Science and Business Media LLC},
   author={Sirunyan, A. M. and Tumasyan, A. and Adam, W. and Ambrogi, F. and Asilar, E. and Bergauer, T. and Brandstetter, J. and Brondolin, E. and Dragicevic, M. and et al.},
   year={2018},
   month={Nov}
}

@article{sleptons_decaying_to_leptons,
	collaboration = {CMS Collaboration},
	da = {2014/09/26},
	date-added = {2021-01-25 16:45:57 +0000},
	date-modified = {2021-01-25 16:45:57 +0000},
	doi = {10.1140/epjc/s10052-014-3036-7},
	id = {Khachatryan2014},
	isbn = {1434-6052},
	journal = {The European Physical Journal C},
	number = {9},
	pages = {3036},
	title = {Searches for electroweak production of charginos, neutralinos, and sleptons decaying to leptons and W, Z, and Higgs bosons in pp collisions at 8 TeV},
	ty = {JOUR},
	url = {https://doi.org/10.1140/epjc/s10052-014-3036-7},
	volume = {74},
	year = {2014},
	Bdsk-Url-1 = {https://doi.org/10.1140/epjc/s10052-014-3036-7}
}
@article{Sirunyan_2020,
   title={Search for direct pair production of supersymmetric partners to the $\tau$ lepton in proton–proton collisions at $\sqrt{s}=13$ TeV},
   volume={80},
   ISSN={1434-6052},
   url={http://dx.doi.org/10.1140/epjc/s10052-020-7739-7},
   DOI={10.1140/epjc/s10052-020-7739-7},
   number={3},
   journal={The European Physical Journal C},
   publisher={Springer Science and Business Media LLC},
   author={Sirunyan, A. M. and Tumasyan, A. and Adam, W. and Ambrogi, F. and Bergauer, T. and Brandstetter, J. and Dragicevic, M. and Erö, J. and Del Valle, A. Escalante and et al.},
   year={2020},
   month={Mar}
}

@article{QCDvar,
	author = {Bothmann, Enrico and Sch{\"o}nherr, Marek and Schumann, Steffen},
	da = {2016/10/28},
	date-added = {2021-01-19 15:12:10 +0000},
	date-modified = {2021-01-19 15:12:10 +0000},
	doi = {10.1140/epjc/s10052-016-4430-0},
	id = {Bothmann2016},
	isbn = {1434-6052},
	journal = {The European Physical Journal C},
	number = {11},
	pages = {590},
	title = {Reweighting QCD matrix-element and parton-shower calculations},
	ty = {JOUR},
	url = {https://doi.org/10.1140/epjc/s10052-016-4430-0},
	volume = {76},
	year = {2016},
	Bdsk-Url-1 = {https://doi.org/10.1140/epjc/s10052-016-4430-0}}
}

@techreport{ATLAS-CONF-2017-061,
      title         = "{The ATLAS Tau Trigger in Run 2}",
      institution   = "CERN",
      collaboration = "ATLAS Collaboration",
      address       = "Geneva",
      number        = "ATLAS-CONF-2017-061",
      month         = "Jul",
      year          = "2017",
      reportNumber  = "ATLAS-CONF-2017-061",
      url           = "http://cds.cern.ch/record/2274201",
}

@article{PhysRevLett.117.182002,
  title = {Measurement of the Inelastic Proton-Proton Cross Section at $\sqrt{s}=13\text{ }\text{ }\mathrm{TeV}$ with the ATLAS Detector at the LHC},
  collaboration = {ATLAS Collaboration},
  journal = {Phys. Rev. Lett.},
  volume = {117},
  issue = {18},
  pages = {182002},
  numpages = {19},
  year = {2016},
  month = {Oct},
  publisher = {American Physical Society},
  doi = {10.1103/PhysRevLett.117.182002},
  url = {https://link.aps.org/doi/10.1103/PhysRevLett.117.182002}
}

@techreport{ATLAS-CONF-2019-021,
      title         = "{Luminosity determination in $pp$ collisions at
                       $\sqrt{s}=13$ TeV using the ATLAS detector at the LHC}",
      institution   = "CERN",
      collaboration = "ATLAS Collaboration",
      address       = "Geneva",
      number        = "ATLAS-CONF-2019-021",
      month         = "Jun",
      year          = "2019",
      reportNumber  = "ATLAS-CONF-2019-021",
      url           = "https://cds.cern.ch/record/2677054",
}

@article{Tovey_2008,
	doi = {10.1088/1126-6708/2008/04/034},
	url = {https://doi.org/10.1088/1126-6708/2008/04/034},
	year = 2008,
	month = {apr},
	publisher = {Springer Science and Business Media {LLC}},
	volume = {2008},
	number = {04},
	pages = {034--034},
	author = {Daniel R Tovey},
	title = {On measuring the masses of pair-produced semi-invisibly decaying particles at hadron colliders},
	journal = {Journal of High Energy Physics}
}

@article{Aaboud_2018,
   Title = {Measurements of b-jet tagging efficiency with the ATLAS detector using tt¯{\$}{\$} t{$\backslash$}overline{\{}t{\}} {\$}{\$}events at s=13{\$}{\$} {$\backslash$}sqrt{\{}s{\}}=13 {\$}{\$}TeV},
   volume={2018},
   ISSN={1029-8479},
   url={http://dx.doi.org/10.1007/JHEP08(2018)089},
   DOI={10.1007/jhep08(2018)089},
   number={8},
   journal={Journal of High Energy Physics},
   publisher={Springer Science and Business Media LLC},
   author={Aaboud, M. and Aad, G. and Abbott, B. and Abdinov, O. and Abeloos, B. and Abhayasinghe, D. K. and Abidi, S. H. and AbouZeid, O. S. and Abraham, N. L. and et al.},
   year={2018},
   month={Aug}
}

@techreport{ATLAS-CONF-2015-029,
      title         = "{Selection of jets produced in 13TeV proton-proton
                       collisions with the ATLAS detector}",
      institution   = "CERN",
      address       = "Geneva",
      number        = "ATLAS-CONF-2015-029",
      month         = "Jul",
      year          = "2015",
      reportNumber  = "ATLAS-CONF-2015-029",
      url           = "http://cds.cern.ch/record/2037702",
}

@techreport{ATLAS-CONF-2015-037,
      title         = "{Monte Carlo Calibration and Combination of In-situ
                       Measurements of Jet Energy Scale, Jet Energy Resolution and
                       Jet Mass in ATLAS}",
      institution   = "CERN",
      address       = "Geneva",
      number        = "ATLAS-CONF-2015-037",
      month         = "Aug",
      year          = "2015",
      reportNumber  = "ATLAS-CONF-2015-037",
      url           = "http://cds.cern.ch/record/2044941",
}

@article{Fiaschi_2018,
   title={Slepton pair production at the LHC in NLO+NLL with resummation-improved parton densities},
   volume={2018},
   ISSN={1029-8479},
   url={http://dx.doi.org/10.1007/JHEP03(2018)094},
   DOI={10.1007/jhep03(2018)094},
   number={3},
   journal={Journal of High Energy Physics},
   publisher={Springer Science and Business Media LLC},
   author={Fiaschi, Juri and Klasen, Michael},
   year={2018},
   month={Mar}
}

@article{Fuks_2014,
   title={Revisiting slepton pair production at the Large Hadron Collider},
   volume={2014},
   ISSN={1029-8479},
   url={http://dx.doi.org/10.1007/JHEP01(2014)168},
   DOI={10.1007/jhep01(2014)168},
   number={1},
   journal={Journal of High Energy Physics},
   publisher={Springer Science and Business Media LLC},
   author={Fuks, Benjamin and Klasen, Michael and Lamprea, David R. and Rothering, Marcel},
   year={2014},
   month={Jan}
}

@article{Bozzi_2007,
   title={Threshold resummation for slepton-pair production at hadron colliders},
   volume={777},
   ISSN={0550-3213},
   url={http://dx.doi.org/10.1016/j.nuclphysb.2007.03.052},
   DOI={10.1016/j.nuclphysb.2007.03.052},
   number={1-2},
   journal={Nuclear Physics B},
   publisher={Elsevier BV},
   author={Bozzi, Giuseppe and Fuks, Benjamin and Klasen, Michael},
   year={2007},
   month={Aug},
   pages={157–181}
}

@article{Beenakker:1999xh,
    author = "Beenakker, W. and Klasen, M. and Kramer, M. and Plehn, T. and Spira, M. and Zerwas, P.M.",
    title = "{The Production of charginos / neutralinos and sleptons at hadron colliders}",
    eprint = "hep-ph/9906298",
    archivePrefix = "arXiv",
    reportNumber = "CERN-TH-99-159, DESY-99-055, DTP-99-44, MADPH-99-1114, ANL-HEP-PR-99-71",
    doi = "10.1103/PhysRevLett.100.029901",
    journal = "Phys. Rev. Lett.",
    volume = "83",
    pages = "3780--3783",
    year = "1999",
    note = "[Erratum: Phys.Rev.Lett. 100, 029901 (2008)]"
}
@article{cite-1,
	Author = {Fuks, Benjamin and Klasen, Michael and Lamprea, David R. and Rothering, Marcel},
	Journal = {The European Physical Journal C},
	Number = {7},
	Pages = {2480},
	Title = {Precision predictions for electroweak superpartner production at hadron colliders with Resummino},
	Volume = {73},
	Year = {2013}}
}

@article{PhysRevD.101.032009,
  title = {Search for direct stau production in events with two hadronic $\ensuremath{\tau}$-leptons in $\sqrt{s}=13\text{ }\text{ }\mathrm{TeV}$ $pp$ collisions with the ATLAS detector},
  collaboration = {ATLAS Collaboration},
  journal = {Phys. Rev. D},
  volume = {101},
  issue = {3},
  pages = {032009},
  numpages = {30},
  year = {2020},
  month = {Feb},
  publisher = {American Physical Society},
  doi = {10.1103/PhysRevD.101.032009},
  url = {https://link.aps.org/doi/10.1103/PhysRevD.101.032009}
}

@article{JUNGMAN1996195,
title = "Supersymmetric dark matter",
journal = "Physics Reports",
volume = "267",
number = "5",
pages = "195 - 373",
year = "1996",
issn = "0370-1573",
doi = "https://doi.org/10.1016/0370-1573(95)00058-5",
url = "http://www.sciencedirect.com/science/article/pii/0370157395000585",
author = "Gerard Jungman and Marc Kamionkowski and Kim Griest"
}
@article{Albornoz_V_squez_2011,
   title={Revisiting light neutralino scenarios in the MSSM},
   volume={84},
   ISSN={1550-2368},
   url={http://dx.doi.org/10.1103/PhysRevD.84.095015},
   DOI={10.1103/physrevd.84.095015},
   number={9},
   journal={Physical Review D},
   publisher={American Physical Society (APS)},
   author={Albornoz Vásquez, Daniel and Bélanger, Geneviève and Bœhm, Céline},
   year={2011},
   month={Nov}
}

@article{ele-id,
	Abstract = {Algorithms used for the reconstruction and identification of electrons in the central region of the ATLAS detector at the Large Hadron Collider (LHC) are presented in this paper; these algorithms are used in ATLAS physics analyses that involve electrons in the final state and which are based on the 2015 and 2016 proton--proton collision data produced by the LHC at {\$}{\$}{$\backslash$}sqrt{\{}s{\}}{\$}{\$}s= 13 {\$}{\$}{$\backslash$}text {\{}TeV{\}}{\$}{\$}TeV. The performance of the electron reconstruction, identification, isolation, and charge identification algorithms is evaluated in data and in simulated samples using electrons from {\$}{\$}Z {$\backslash$}rightarrow ee{\$}{\$}Z→eeand {\$}{\$}J/{$\backslash$}psi {$\backslash$}rightarrow ee{\$}{\$}J/ψ→eedecays. Typical examples of combinations of electron reconstruction, identification, and isolation operating points used in ATLAS physics analyses are shown.},
	Author = "ATLAS Collaboration",
	Da = {2019/08/03},
	Date-Added = {2021-01-08 09:30:14 +0000},
	Date-Modified = {2021-01-08 09:30:14 +0000},
	Doi = {10.1140/epjc/s10052-019-7140-6},
	Id = {Aaboud2019},
	Isbn = {1434-6052},
	Journal = {The European Physical Journal C},
	Number = {8},
	Pages = {639},
	Title = {Electron reconstruction and identification in the ATLAS experiment using the 2015 and 2016 LHC proton--proton collision data at {\$}{\$}{$\backslash$}sqrt{\{}s{\}} = 13{\$}{\$}s=13 {\$}{\$}{$\backslash$}text {\{}TeV{\}}{\$}{\$}TeV},
	Ty = {JOUR},
	Url = {https://doi.org/10.1140/epjc/s10052-019-7140-6},
	Volume = {79},
	Year = {2019},
	Bdsk-Url-1 = {https://doi.org/10.1140/epjc/s10052-019-7140-6},
	Bdsk-Url-2 = {http://dx.doi.org/10.1140/epjc/s10052-019-7140-6}}
}

@article{SUTTON2007761,
title = "Tracking at level 2 for the ATLAS high level trigger",
journal = "Nuclear Instruments and Methods in Physics Research Section A: Accelerators, Spectrometers, Detectors and Associated Equipment",
volume = "582",
number = "3",
pages = "761 - 765",
year = "2007",
note = "VERTEX 2006",
issn = "0168-9002",
doi = "https://doi.org/10.1016/j.nima.2007.10.005",
url = "http://www.sciencedirect.com/science/article/pii/S0168900207021122",
author = "M. Sutton",
keywords = "Tracking, Trigger",
abstract = "A set of algorithms for fast pattern recognition and track reconstruction using 3D space points for the ATLAS Level 2 (LVL2) Trigger at the LHC is described. The presented algorithms work by first identifying the z position along the beamline of any interesting interaction. This allows selection of groups of spacepoints pointing back to this position using a histogramming technique that greatly reduces the combinatorial overhead and execution time before moving on to fitting the tracks and vertices. Results on the timing and performance of the tracking at LVL2 are presented using both simulated data and real test beam data and cosmic data."
}

@article{ele_id,
   title={Performance of electron and photon triggers in ATLAS during LHC Run 2},
   volume={80},
   ISSN={1434-6052},
   url={http://dx.doi.org/10.1140/epjc/s10052-019-7500-2},
   DOI={10.1140/epjc/s10052-019-7500-2},
   number={1},
   journal={The European Physical Journal C},
   publisher={Springer Science and Business Media LLC},
   author={Aad, G. and Abbott, B. and Abbott, D. C. and Abud, A. Abed and Abeling, K. and Abhayasinghe, D. K. and Abidi, S. H. and AbouZeid, O. S. and Abraham, N. L. and et al.},
   year={2020},
   month={Jan}
}

@article{Aad_2012,
   title={ATLAS measurements of the properties of jets for boosted particle searches},
   volume={86},
   ISSN={1550-2368},
   url={http://dx.doi.org/10.1103/PhysRevD.86.072006},
   DOI={10.1103/physrevd.86.072006},
   number={7},
   journal={Physical Review D},
   publisher={American Physical Society (APS)},
   author={Aad, G. and Abbott, B. and Abdallah, J. and Abdel Khalek, S. and Abdelalim, A. A. and Abdinov, O. and Abi, B. and Abolins, M. and AbouZeid, O. S. and Abramowicz, H. and et al.},
   year={2012},
   month={Oct}
}


@article{Aaboud_2019,
   title={Electron reconstruction and identification in the ATLAS experiment using the 2015 and 2016 LHC proton–proton collision data at $\sqrt{s} = 13$ $\text {TeV}$},
   volume={79},
   ISSN={1434-6052},
   url={http://dx.doi.org/10.1140/epjc/s10052-019-7140-6},
   DOI={10.1140/epjc/s10052-019-7140-6},
   number={8},
   journal={The European Physical Journal C},
   publisher={Springer Science and Business Media LLC},
   author={Aaboud, M. and Aad, G. and Abbott, B. and Abbott, D. C. and Abdinov, O. and Abeloos, B. and Abhayasinghe, D. K. and Abidi, S. H. and AbouZeid, O. S. and et al.},
   year={2019},
   month={Aug}
}

@techreport{ATLAS-CONF-2012-099,
      title         = "{Performance of the ATLAS muon trigger in 2011}",
      institution   = "CERN",
      collaboration = "ATLAS Collaboration",
      address       = "Geneva",
      number        = "ATLAS-CONF-2012-099",
      month         = "Jul",
      year          = "2012",
      reportNumber  = "ATLAS-CONF-2012-099",
      url           = "https://cds.cern.ch/record/1462601",
}

@techreport{ATLAS-CONF-2012-042,
      title         = "{Performance of the ATLAS Inner Detector Track and Vertex
                       Reconstruction in the High Pile-Up LHC Environment}",
      institution   = "CERN",
      collaboration = "ATLAS Collaboration",
      address       = "Geneva",
      number        = "ATLAS-CONF-2012-042",
      month         = "Mar",
      year          = "2012",
      reportNumber  = "ATLAS-CONF-2012-042",
      url           = "https://cds.cern.ch/record/1435196",
}

@misc{ferrari2007tracking,
      title={Tracking and vertexing at ATLAS}, 
      author={Pamela Ferrari},
      year={2007},
      eprint={0707.3071},
      archivePrefix={arXiv},
      primaryClass={physics.ins-det}
}

@article{Meloni_2016,
	doi = {10.1088/1748-0221/11/12/c12060},
	url = {https://doi.org/10.1088/1748-0221/11/12/c12060},
	year = 2016,
	month = {dec},
	publisher = {{IOP} Publishing},
	volume = {11},
	number = {12},
	pages = {C12060--C12060},
	author = {F. Meloni},
	title = {Primary vertex reconstruction with the {ATLAS} detector},
	journal = {Journal of Instrumentation}
}

@article{chi2fit,
	doi = {10.1088/1742-6596/119/3/032013},
	url = {https://doi.org/10.1088/1742-6596/119/3/032013},
	year = 2008,
	month = {jul},
	publisher = {{IOP} Publishing},
	volume = {119},
	number = {3},
	pages = {032013},
	author = {T G Cornelissen and M Elsing and I Gavrilenko and J-F Laporte and W Liebig and M Limper and K Nikolopoulos and A Poppleton and A Salzburger},
	title = {The global $\chi^2$ track fitter in {ATLAS}},
	journal = {Journal of Physics: Conference Series},
}
@book{Haywood:331064,
      author        = "Haywood, S and Rossi, L and Nickerson, R and Romaniouk, A",
      title         = "{ATLAS inner detector: Technical Design Report, 2}",
      publisher     = "CERN",
      collaboration = "ATLAS Collaboration",
      address       = "Geneva",
      series        = "Technical Design Report ATLAS",
      year          = "1997",
      reportNumber  = "CERN-LHCC-97-017",
      url           = "https://cds.cern.ch/record/331064",
}
@book{CERN-LHCC-97-016,
      title         = "{ATLAS inner detector: Technical Design Report, 1}",
      publisher     = "CERN",
      collaboration = "ATLAS Collaboration",
      address       = "Geneva",
      series        = "Technical Design Report ATLAS",
      year          = "1997",
      reportNumber  = "CERN-LHCC-97-016",
      url           = "https://cds.cern.ch/record/331063",
}

@techreport{ATLAS-CONF-2010-072,
      title         = "{Performance of the ATLAS Silicon Pattern Recognition
                       Algorithm in Data and Simulation at $\sqrt{s} = 7$ TeV}",
      institution   = "CERN",
      collaboration = "ATLAS Collaboration",
      address       = "Geneva",
      number        = "ATLAS-CONF-2010-072",
      month         = "Jul",
      year          = "2010",
      reportNumber  = "ATLAS-CONF-2010-072",
      url           = "https://cds.cern.ch/record/1281363",
}
@article{Cornelissen_2008,
	doi = {10.1088/1742-6596/119/3/032014},
	url = {https://doi.org/10.1088/1742-6596/119/3/032014},
	year = 2008,
	month = {jul},
	publisher = {{IOP} Publishing},
	volume = {119},
	number = {3},
	pages = {032014},
	author = {T Cornelissen and M Elsing and I Gavrilenko and W Liebig and E Moyse and A Salzburger},
	title = {The new {ATLAS} track reconstruction ({NEWT})},
	journal = {Journal of Physics: Conference Series}
}
@article{YEPES1996582,
title = "A fast track pattern recognition",
journal = "Nuclear Instruments and Methods in Physics Research Section A: Accelerators, Spectrometers, Detectors and Associated Equipment",
volume = "380",
number = "3",
pages = "582 - 585",
year = "1996",
issn = "0168-9002",
doi = "https://doi.org/10.1016/0168-9002(96)00726-7",
url = "http://www.sciencedirect.com/science/article/pii/0168900296007267",
author = "Pablo Yepes",
abstract = "An algorithm for fast track pattern recognition is presented. Its main features are an optimized data organization and a conformal mapping to speed up fitting procedures. The code is applied to a generic collider detector. Reconstruction time, track finding efficiencies, and momentum resolution are presented."
}

@article{collaboration_2020,
   title={Operation of the ATLAS trigger system in Run 2},
   volume={15},
   ISSN={1748-0221},
   url={http://dx.doi.org/10.1088/1748-0221/15/10/P10004},
   DOI={10.1088/1748-0221/15/10/p10004},
   number={10},
   journal={Journal of Instrumentation},
   publisher={IOP Publishing},
   author={collaboration, The ATLAS},
   year={2020},
   month={Oct},
   pages={P10004–P10004}
}

@techreport{ATL-DAQ-PUB-2013-002,
      title         = "{Studies for the development of the Inner Detector trigger
                       algorithms at ATLAS}",
      institution   = "CERN",
      address       = "Geneva",
      number        = "ATL-DAQ-PUB-2013-002",
      month         = "Sep",
      year          = "2013",
      reportNumber  = "ATL-DAQ-PUB-2013-002",
      url           = "https://cds.cern.ch/record/1602918",
}

@techreport{Sutton:2695048,
      author        = "Sutton, Mark and Abraham, Nicola and Aparo, Marco and
                       Grandi, Mario and Baines, John and Grout, Zara Jane and
                       Kirk, Julie and Vozak, Matous and Emeliyanov, Dmitry and
                       Masik, Jiri and Trovato, Fabrizio and Nagano, Kunihiro and
                       Martin-Haugh, Stewart",
      title         = "{The ATLAS Inner Detector Trigger performance in pp
                       collisions at 13 TeV during LHC Run 2}",
      institution   = "CERN",
      address       = "Geneva",
      number        = "ATL-COM-DAQ-2019-192",
      month         = "Oct",
      year          = "2019",
      reportNumber  = "ATL-COM-DAQ-2019-192",
      url           = "https://cds.cern.ch/record/2695048",
      note          = "Supporting documentation for ANA-TRIG-2019-03",
}

@book{Jenni:616089,
      author        = "Jenni, Peter and Nessi, Marzio and Nordberg, Markus and
                       Smith, Kenway",
      title         = "{ATLAS high-level trigger, data-acquisition and controls:
                       Technical Design Report}",
      publisher     = "CERN",
      collaboration = "ATLAS Collaboration",
      address       = "Geneva",
      series        = "Technical Design Report ATLAS",
      year          = "2003",
      reportNumber  = "CERN-LHCC-2003-022",
      url           = "https://cds.cern.ch/record/616089",
}

@article{BARLOW1993219,
title = "Fitting using finite Monte Carlo samples",
journal = "Computer Physics Communications",
volume = "77",
number = "2",
pages = "219 - 228",
year = "1993",
issn = "0010-4655",
doi = "https://doi.org/10.1016/0010-4655(93)90005-W",
url = "http://www.sciencedirect.com/science/article/pii/001046559390005W",
author = "Roger Barlow and Christine Beeston",
abstract = "Analysis of results from HEP experiments often involves estimation of the composition of a sample of data, based on Monte Carlo simulations of the various sources. Data values (generally of more than one dimension) are binned, and because the numbers of data points in many bins are small, a χ2 minimisation is inappropriate, so a maximum likelihood technique using Poisson statistics is often used. This note shows how to incorporate the fact that the Monte Carlo statistics used are finite and thus subject to statistical fluctuations."
}

@article{James:2296388,
      author        = "James, F and ",
      title         = "{MINUIT: Function Minimization and Error Analysis
                       Reference Manual}",
      year          = "1998",
      reportNumber  = "CERNLIB-D506",
      url           = "https://cds.cern.ch/record/2296388",
      note          = "CERN Program Library Long Writeups",
}

@techreport{Cranmer:1456844,
      author        = "Cranmer, Kyle and Lewis, George and Moneta, Lorenzo and
                       Shibata, Akira and Verkerke, Wouter",
      title         = "{HistFactory: A tool for creating statistical models for
                       use with RooFit and RooStats}",
      institution   = "New York U.",
      collaboration = "ROOT Collaboration",
      address       = "New York",
      number        = "CERN-OPEN-2012-016",
      month         = "Jan",
      year          = "2012",
      reportNumber  = "CERN-OPEN-2012-016",
      url           = "https://cds.cern.ch/record/1456844",
}

@article{Calafiura:2005zz,
      author        = {Calafiura, P and Lavrijsen, W and Leggett, C and Marino, M and Quarrie, D},
      title         = {The Athena Control Framework in Production, New
                       Developments and Lessons Learned},
      year          = {2005},
      url           = {https://cds.cern.ch/record/865624},
      doi           = {10.5170/CERN-2005-002.456}
}

@misc{TFFT,
  collaboration = {ATLAS},
  title = {ATLAS Fake Tau Tool},
  year = {2019},
  publisher = {GitHub},
  journal = {GitHub repository},
  url = {https://gitlab.cern.ch/atlas-perf-tau/atlasfaketautool},
  commit = {016e1ad70e79707ab482dfdf9a27a0c145aad87b}
}

@article{ATLAS:2014cva,
    collaboration = "ATLAS",
    title = "{Tagging and suppression of pileup jets}",
    reportNumber = "ATLAS-CONF-2014-018",
    month = "5",
    year = "2014"
}

@article{Nason_2014,
   title={$$W^+W^-$$ W + W - , $$WZ$$ W Z and $$ZZ$$ Z Z production in the POWHEG-BOX-V2},
   volume={74},
   ISSN={1434-6052},
   url={http://dx.doi.org/10.1140/epjc/s10052-013-2702-5},
   DOI={10.1140/epjc/s10052-013-2702-5},
   number={1},
   journal={The European Physical Journal C},
   publisher={Springer Science and Business Media LLC},
   author={Nason, Paolo and Zanderighi, Giulia},
   year={2014},
   month={Jan}
}

@techreport{Marshall:2016630,
      author        = "Marshall, Zach",
      title         = "{Re-re-defining the Standard QCD Di-Jet Samples: Beginning
                       to like event weights}",
      institution   = "CERN",
      address       = "Geneva",
      number        = "ATL-COM-PHYS-2015-417",
      month         = "May",
      year          = "2015",
      reportNumber  = "ATL-COM-PHYS-2015-417",
      url           = "https://cds.cern.ch/record/2016630",
}

@article{BALL2013244,
title = "Parton distributions with LHC data",
journal = "Nuclear Physics B",
volume = "867",
number = "2",
pages = "244 - 289",
year = "2013",
issn = "0550-3213",
doi = "https://doi.org/10.1016/j.nuclphysb.2012.10.003",
url = "http://www.sciencedirect.com/science/article/pii/S0550321312005500",
author = "Richard D. Ball and Valerio Bertone and Stefano Carrazza and Christopher S. Deans and Luigi {Del Debbio} and Stefano Forte and Alberto Guffanti and Nathan P. Hartland and José I. Latorre and Juan Rojo and Maria Ubiali",
keywords = "LHC, Collider physics, Parton distributions, QCD"
}

@techreport{ATL-PHYS-PUB-2014-021,
      title         = "{ATLAS Pythia 8 tunes to 7 TeV data}",
      institution   = "CERN",
      address       = "Geneva",
      number        = "ATL-PHYS-PUB-2014-021",
      month         = "Nov",
      year          = "2014",
      reportNumber  = "ATL-PHYS-PUB-2014-021",
      url           = "http://cds.cern.ch/record/1966419"
}
@article{aznlo,
	collaboration = {ATLAS},
	Da = {2014/09/24},
	Date-Added = {2020-11-06 16:07:41 +0000},
	Date-Modified = {2020-11-06 16:07:41 +0000},
	Doi = {10.1007/JHEP09(2014)145},
	Id = {Aad2014},
	Isbn = {1029-8479},
	Journal = {Journal of High Energy Physics},
	Number = {9},
	Pages = {145},
	Title = {Measurement of the Z/$\gamma^{*}$ boson transverse momentum distribution in pp collisions at $\sqrt{s}$=7 TeV with the ATLAS detector},
	Ty = {JOUR},
	Url = {https://doi.org/10.1007/JHEP09(2014)145},
	Volume = {2014},
	Year = {2014},
	Bdsk-Url-1 = {https://doi.org/10.1007/JHEP09(2014)145},
	Bdsk-Url-2 = {http://dx.doi.org/10.1007/JHEP09(2014)145}}

@article{cteq6l1,
	doi = {10.1088/1126-6708/2002/07/012},
	url = {https://doi.org/10.1088%2F1126-6708%2F2002%2F07%2F012},
	year = 2002,
	month = {jul},
	publisher = {Springer Science and Business Media {LLC}},
	volume = {2002},
	number = {07},
	pages = {012--012},
	author = {Jonathan Pumplin and Daniel Robert Stump and Joey Huston and Hung-Liang Lai and Pavel Nadolsky and Wu-Ki Tung},
	title = {New Generation of Parton Distributions with Uncertainties from Global {QCD} Analysis},
	journal = {Journal of High Energy Physics}
}

@article{pythia,
   title={An introduction to PYTHIA 8.2},
   volume={191},
   ISSN={0010-4655},
   url={http://dx.doi.org/10.1016/j.cpc.2015.01.024},
   DOI={10.1016/j.cpc.2015.01.024},
   journal={Computer Physics Communications},
   publisher={Elsevier BV},
   author={Sjöstrand, Torbjörn and Ask, Stefan and Christiansen, Jesper R. and Corke, Richard and Desai, Nishita and Ilten, Philip and Mrenna, Stephen and Prestel, Stefan and Rasmussen, Christine O. and Skands, Peter Z.},
   year={2015},
   month={Jun},
   pages={159–177}
}

@article{cite-key,
	collaboration = "ATLAS Collaboration",
	Da = {2016/05/23},
	Date-Added = {2020-10-29 16:41:53 +0000},
	Date-Modified = {2020-10-29 16:42:06 +0000},
	Doi = {10.1140/epjc/s10052-016-4120-y},
	Id = {Aad2016},
	Isbn = {1434-6052},
	Journal = {The European Physical Journal C},
	Number = {5},
	Pages = {292},
	Read = {0},
	Title = {Muon reconstruction performance of the ATLAS detector in proton--proton collision data at {\$}{\$}{$\backslash$}sqrt{\{}s{\}}{\$}{\$}s=13 TeV},
	Ty = {JOUR},
	Url = {https://doi.org/10.1140/epjc/s10052-016-4120-y},
	Volume = {76},
	Year = {2016},
	Bdsk-Url-1 = {https://doi.org/10.1140/epjc/s10052-016-4120-y},
	Bdsk-Url-2 = {http://dx.doi.org/10.1140/epjc/s10052-016-4120-y}
}

@article{powheg,
    author = "Alioli, Simone and Nason, Paolo and Oleari, Carlo and Re, Emanuele",
    title = "{Vector boson plus one jet production in POWHEG}",
    eprint = "1009.5594",
    archivePrefix = "arXiv",
    primaryClass = "hep-ph",
    reportNumber = "DESY-10-158, SFB-CPP-10-85, IPPP-10-78, DCPT-10-156",
    doi = "10.1007/JHEP01(2011)095",
    journal = "JHEP",
    volume = "01",
    pages = "095",
    year = "2011"
}

@article{Aad_2019,
   title={Electron and photon performance measurements with the ATLAS detector using the 2015–2017 LHC proton-proton collision data},
   volume={14},
   ISSN={1748-0221},
   url={http://dx.doi.org/10.1088/1748-0221/14/12/P12006},
   DOI={10.1088/1748-0221/14/12/p12006},
   number={12},
   journal={Journal of Instrumentation},
   publisher={IOP Publishing},
   author={Aad, G. and Abbott, B. and Abbott, D.C. and Abud, A. Abed and Abeling, K. and Abhayasinghe, D.K. and Abidi, S.H. and AbouZeid, O.S. and Abraham, N.L. and Abramowicz, H. and et al.},
   year={2019},
   month={Dec},
   pages={P12006–P12006}
}

@techreport{CMS-PAS-JME-16-003,
      title         = "{Jet algorithms performance in 13 TeV data}",
      institution   = "CERN",
      collaboration = "CMS Collaboration",
      address       = "Geneva",
      number        = "CMS-PAS-JME-16-003",
      year          = "2017",
      reportNumber  = "CMS-PAS-JME-16-003",
      url           = "https://cds.cern.ch/record/2256875",
}

@article{Aad_2017,
   title={Topological cell clustering in the ATLAS calorimeters and its performance in LHC Run 1},
   volume={77},
   ISSN={1434-6052},
   url={http://dx.doi.org/10.1140/epjc/s10052-017-5004-5},
   DOI={10.1140/epjc/s10052-017-5004-5},
   number={7},
   journal={The European Physical Journal C},
   publisher={Springer Science and Business Media LLC},
   author={Aad, G. and Abbott, B. and Abdallah, J. and Abdinov, O. and Aben, R. and Abolins, M. and AbouZeid, O. S. and Abramowicz, H. and Abreu, H. and et al.},
   year={2017},
   month={Jul}
}
@techreport{ATL-PHYS-PUB-2019-033,
      title         = "{Identification of hadronic tau lepton decays using neural
                       networks in the ATLAS experiment}",
      institution   = "CERN",
      collaboration = "ATLAS Collaboration",
      address       = "Geneva",
      number        = "ATL-PHYS-PUB-2019-033",
      month         = "Aug",
      year          = "2019",
      reportNumber  = "ATL-PHYS-PUB-2019-033",
      url           = "https://cds.cern.ch/record/2688062",
}

@techreport{ATL-PHYS-PUB-2015-045,
      title         = "{Reconstruction, Energy Calibration, and Identification of
                       Hadronically Decaying Tau Leptons in the ATLAS Experiment
                       for Run-2 of the LHC}",
      institution   = "CERN",
      collaboration = "ATLAS Collaboration",
      address       = "Geneva",
      number        = "ATL-PHYS-PUB-2015-045",
      month         = "Nov",
      year          = "2015",
      reportNumber  = "ATL-PHYS-PUB-2015-045",
      url           = "https://cds.cern.ch/record/2064383",
}

@techreport{Mitani:2199788,
      author        = "Mitani, Takashi and Pickering, Mark Andrew and Zhang, Lei
                       and Chan, Wing Sheung and Drechsler, Eric and Ohman, Henrik
                       and Ikai, Takashi and Janus, Michel and Megy, Theo Jean and
                       Mori, Tatsuya and Xia, Ligang and Buat, Quentin and Davey,
                       Will and Deviveiros, Pier-Olivier and Zanzi, Daniele and
                       Ali, Babar and Andreazza, Attilio and Ayoub, Mohamad Kassem
                       and Bouhova-Thacker, Evelina Vassileva and Burghgrave,
                       Blake and Duschinger, Dirk and Fox, Harald and Griffiths,
                       Justin and Hauswald, Lorenz and Jabbar, Samina and
                       Kaczmarska, Anna and Le, Brian and Martin dit Latour,
                       Bertrand and Nellist, Clara and Parker, Adam Jackson and
                       Rompotis, Nikolaos and Ruthmann, Nils and Shan, Lianyou and
                       Soloshenko, Alexei and Thomsen, Lotte Ansgaard and Yuen,
                       Stephanie P. and Wagner, Peter and Winter, Benedict Tobias
                       and Wolter, Marcin Wladyslaw and Zinonos, Zinonas and
                       Fiorini, Luca and Klingl, Tobias and Schildgen, Lara
                       Katharina",
      title         = "{Measurement of the tau lepton reconstruction and
                       identification performance in the ATLAS experiment using
                       $pp$ collisions at $\sqrt{s} = 13$ TeV}",
      institution   = "CERN",
      address       = "Geneva",
      number        = "ATL-COM-PHYS-2016-929",
      month         = "Jul",
      year          = "2016",
      reportNumber  = "ATL-COM-PHYS-2016-929",
      url           = "https://cds.cern.ch/record/2199788",
}

@article{Aad2015,
	author = "{{The ATLAS Collaboration}}",
	Year = "2015",
	doi = {10.1140/epjc/s10052-015-3500-z},
	Journal = {The European Physical Journal C},
	Number = {7},
	Pages = {303},
	Title = {Identification and energy calibration of hadronically decaying tau leptons with the ATLAS experiment in pp collisions at {\$}{\$}{$\backslash$}sqrt{\{}s{\}}=8{\$}{\$}s=8{\$}{\$}{$\backslash$},{$\backslash$}hbox {\{}TeV{\}}{\$}{\$}TeV},
	Ty = {JOUR},
	Url = {https://doi.org/10.1140/epjc/s10052-015-3500-z},
	Volume = {75},
	Year = {2015},
	Bdsk-Url-1 = {https://doi.org/10.1140/epjc/s10052-015-3500-z},
	Bdsk-Url-2 = {http://dx.doi.org/10.1140/epjc/s10052-015-3500-z}}
}
@article{TheATLAScollaboration:2015lks,
    author = "{{The ATLAS Collaboration}}",
    title = "{Reconstruction, Energy Calibration, and Identification of Hadronically Decaying Tau Leptons in the ATLAS Experiment for Run-2 of the LHC}",
    reportNumber = "ATL-PHYS-PUB-2015-045",
    year = "2015"
}
@article{Olive2014,
	author = {K.A. Olive},
	doi = {10.1088/1674-1137/38/9/090001},
	url = {https://doi.org/10.1088%2F1674-1137%2F38%2F9%2F090001},
	year = "2014",
	month = {8},
	publisher = {{IOP} Publishing},
	volume = {38},
	number = {9},
	pages = {090001},
	title = {Review of Particle Physics},
	journal = {Chinese Physics C},
}

@article{Ade:2013zuv,
      author         = "Ade, P. A. R. and others",
      title          = "{Planck 2013 results. XVI. Cosmological parameters}",
      collaboration  = "Planck",
      journal        = "Astron. Astrophys.",
      volume         = "571",
      year           = "2014",
      pages          = "A16",
      doi            = "10.1051/0004-6361/201321591",
      eprint         = "1303.5076",
      archivePrefix  = "arXiv",
      primaryClass   = "astro-ph.CO",
      reportNumber   = "CERN-PH-TH-2013-129",
      SLACcitation   = "%%CITATION = ARXIV:1303.5076;%%"
}

@article{0067-0049-192-2-18,
  author={E. Komatsu and K. M. Smith and J. Dunkley and C. L. Bennett and B. Gold and G. Hinshaw and N. Jarosik and D. Larson and M. R.
Nolta and L. Page and D. N. Spergel and M. Halpern and R. S. Hill and A. Kogut and M. Limon and S. S. Meyer and N. Odegard and G. S.
Tucker and J. L. Weiland and E. Wollack and E. L. Wright},
  title={Seven-year Wilkinson Microwave Anisotropy Probe (WMAP) Observations: Cosmological Interpretation},
  journal={The Astrophysical Journal Supplement Series},
  volume={192},
  number={2},
  pages={18},
  url={http://stacks.iop.org/0067-0049/192/i=2/a=18},
  year={2011},
  abstract={The combination of seven-year data from WMAP and improved astrophysical data rigorously tests the standard cosmological model and places new constraints on its basic parameters and extensions. By combining the WMAP data with the latest distance measurements from the baryon acoustic oscillations (BAO) in the distribution of galaxies and the Hubble constant ( H 0 ) measurement, we determine the parameters of the simplest six-parameter ΛCDM model. The power-law index of the primordial power spectrum is n s = 0.968 ± 0.012 (68% CL) for this data combination, a measurement that excludes the Harrison-Zel'dovich-Peebles spectrum by 99.5% CL. The other parameters, including those beyond the minimal set, are also consistent with, and improved from, the five-year results. We find no convincing deviations from the minimal model. The seven-year temperature power spectrum gives a better determination of the third acoustic peak, which results in a better determination of the redshift of the matter-radiation equality epoch. Notable examples of improved parameters are the total mass of neutrinos, ∑ m ν < 0.58 eV(95%CL), and the effective number of neutrino species, N eff = 4.34 +0.86 –0.88 (68% CL), which benefit from better determinations of the third peak and H 0 . The limit on a constant dark energy equation of state parameter from WMAP +BAO+ H 0 , without high-redshift Type Ia supernovae, is w = –1.10 ± 0.14 (68% CL). We detect the effect of primordial helium on the temperature power spectrum and provide a new test of big bang nucleosynthesis by measuring Y p = 0.326 ± 0.075 (68% CL). We detect, and show on the map for the first time, the tangential and radial polarization patterns around hot and cold spots of temperature fluctuations, an important test of physical processes at z = 1090 and the dominance of adiabatic scalar fluctuations. The seven-year polarization data have significantly improved: we now detect the temperature- E -mode polarization cross power spectrum at 21σ, compared with 13σ from the five-year data. With the seven-year temperature- B -mode cross power spectrum, the limit on a rotation of the polarization plane due to potential parity-violating effects has improved by 38% to ##IMG## [http://ej.iop.org/images/0067-0049/192/2/18/apjs374858ieqn1.gif] {$\Delta \alpha =-1\mbox{$.\!\!^\circ $}1\pm 1\mbox{$.\!\!^\circ $}4 (\rm statistical)\pm 1\mbox{$.\!\!^\circ $}5 (\rm systematic)$} (68% CL). We report significant detections of the Sunyaev-Zel'dovich (SZ) effect at the locations of known clusters of galaxies. The measured SZ signal agrees well with the expected signal from the X-ray data on a cluster-by-cluster basis. However, it is a factor of 0.5-0.7 times the predictions from "universal profile" of Arnaud et al., analytical models, and hydrodynamical simulations. We find, for the first time in the SZ effect, a significant difference between the cooling-flow and non-cooling-flow clusters (or relaxed and non-relaxed clusters), which can explain some of the discrepancy. This lower amplitude is consistent with the lower-than-theoretically expected SZ power spectrum recently measured by the South Pole Telescope Collaboration.}
}
  

@article{Bradac:2008eu,
      author         = "Bradac, Marusa and Allen, Steven W. and Treu, Tommaso and
                        Ebeling, Harald and Massey, Richard and Morris, R. Glenn
                        and von der Linden, Anja and Applegate, Douglas",
      title          = "{Revealing the properties of dark matter in the merging
                        cluster MACSJ0025.4-1222}",
      journal        = "Astrophys. J.",
      volume         = "687",
      year           = "2008",
      pages          = "959",
      doi            = "10.1086/591246",
      eprint         = "0806.2320",
      archivePrefix  = "arXiv",
      primaryClass   = "astro-ph",
      SLACcitation   = "%%CITATION = ARXIV:0806.2320;%%"
}


@article{Barr:2003rg,
      author         = "Barr, Alan and Lester, Christopher and Stephens, P.",
      title          = "{m(T2): The Truth behind the glamour}",
      journal        = "J. Phys.",
      volume         = "G29",
      year           = "2003",
      pages          = "2343-2363",
      doi            = "10.1088/0954-3899/29/10/304",
      eprint         = "hep-ph/0304226",
      archivePrefix  = "arXiv",
      primaryClass   = "hep-ph",
      reportNumber   = "CAVENDISH-HEP-2002-02-14",
      SLACcitation   = "%%CITATION = HEP-PH/0304226;%%"
}

@article{Herr:941318,
      author        = "Herr, Werner and Muratori, B",
      title         = "{Concept of luminosity}",
      year          = "2006",
      url           = "https://cds.cern.ch/record/941318",
}

% Optional fields: type, address, month, note
@PHDTHESIS{calumThesis,
	author = {{Calum Macdonald}},
	title = {{Searches for supersymmetry in final states containing b-tagged jets with the ATLAS detector}},
	school = {{University of Sheffield}},
	year = {2017}
}

@article{Aad:1409965,
      author        = {{The ATLAS Collaboration}},
      title         = "{Jet energy measurement with the ATLAS detector in
                       proton-proton collisions at $\sqrt{s}$ = 7 TeV. Jet energy
                       measurement with the ATLAS detector in proton-proton
                       collisions at $\sqrt{s}=7$ TeV}",
      journal       = "Eur. Phys. J. C",
      collaboration = "ATLAS Collaboration",
      number        = "CERN-PH-EP-2011-191. CERN-PH-EP-2011-191",
      volume        = "73",
      pages         = "2304. 100 p",
      month         = "Dec",
      year          = "2011",
      reportNumber  = "CERN-PH-EP-2011-191",
      url           = "https://cds.cern.ch/record/1409965",
      note          = "Comments: 100 pages plus author list (111 pages total), 93
                       figures, 17 tables, submitted to European Physical Journal
                       C",
}      

@article{relic_density,
      author         = "Ade, P. A. R. and others",
      title          = "{Planck 2013 results. XVI. Cosmological parameters}",
      collaboration  = "Planck",
      journal        = "Astron. Astrophys.",
      volume         = "571",
      year           = "2014",
      pages          = "A16",
      doi            = "10.1051/0004-6361/201321591",
      eprint         = "1303.5076",
      archivePrefix  = "arXiv",
      primaryClass   = "astro-ph.CO",
      reportNumber   = "CERN-PH-TH-2013-129",
      SLACcitation   = "%%CITATION = ARXIV:1303.5076;%%"
}

@article{wellTemp,
      author         = "Arkani-Hamed, N. and Delgado, A. and Giudice, G. F.",
      title          = "{The Well-tempered neutralino}",
      journal        = "Nucl. Phys.",
      volume         = "B741",
      year           = "2006",
      pages          = "108-130",
      doi            = "10.1016/j.nuclphysb.2006.02.010",
      eprint         = "hep-ph/0601041",
      archivePrefix  = "arXiv",
      primaryClass   = "hep-ph",
      reportNumber   = "CERN-PH-TH-2005-260",
      SLACcitation   = "%%CITATION = HEP-PH/0601041;%%"
}

@article{atlasDM,
      author         = "Aaboud, Morad and others",
      title          = "{Dark matter interpretations of ATLAS searches for the
                        electroweak production of supersymmetric particles in $
                        \sqrt{s}=8 $ TeV proton-proton collisions}",
      collaboration  = "ATLAS",
      journal        = "JHEP",
      volume         = "09",
      year           = "2016",
      pages          = "175",
      doi            = "10.1007/JHEP09(2016)175",
      eprint         = "1608.00872",
      archivePrefix  = "arXiv",
      primaryClass   = "hep-ex",
      reportNumber   = "CERN-EP-2016-165",
      SLACcitation   = "%%CITATION = ARXIV:1608.00872;%%"
}

@book{cowan1998statistical,
  title={Statistical Data Analysis},
  author={Cowan, G.},
  isbn={9780198501558},
  lccn={98014554},
  series={Oxford science publications},
  url={https://books.google.co.uk/books?id=ff8ZyW0nlJAC},
  year={1998},
  publisher={Clarendon Press}
}

@article{Cowan:2010js,
      author         = "Cowan, Glen and Cranmer, Kyle and Gross, Eilam and
                        Vitells, Ofer",
      title          = "{Asymptotic formulae for likelihood-based tests of new
                        physics}",
      journal        = "Eur. Phys. J.",
      volume         = "C71",
      year           = "2011",
      pages          = "1554",
      doi            = "10.1140/epjc/s10052-011-1554-0,
                        10.1140/epjc/s10052-013-2501-z",
      note           = "[Erratum: Eur. Phys. J.C73,2501(2013)]",
      eprint         = "1007.1727",
      archivePrefix  = "arXiv",
      primaryClass   = "physics.data-an",
      SLACcitation   = "%%CITATION = ARXIV:1007.1727;%%"
}

@article{Read:2002hq,
      author         = "Read, Alexander L.",
      title          = "{Presentation of search results: The CL(s) technique}",
      booktitle      = "{Advanced Statistical Techniques in Particle Physics.
                        Proceedings, Conference, Durham, UK, March 18-22, 2002}",
      journal        = "J. Phys.",
      volume         = "G28",
      year           = "2002",
      pages          = "2693-2704",
      doi            = "10.1088/0954-3899/28/10/313",
      note           = "[,11(2002)]",
      SLACcitation   = "%%CITATION = JPAGA,G28,2693;%%"
}

@Inbook{Cowan2015,
author="Cowan, Glen",
title="Statistics for Searches at the LHC",
year="2015",
publisher="Springer International Publishing",
isbn="978-3-319-05362-2",
doi="10.1007/978-3-319-05362-2_9",
url="https://doi.org/10.1007/978-3-319-05362-2_9"
}


@article{RJR_ISR,
    author         = "Jackson, Paul and Rogan, Christopher and Santoni, Marco",
    title          = "{Sparticles in motion: Analyzing compressed SUSY
                      scenarios with a new method of event reconstruction}",
    journal        = "Phys. Rev.",
    volume         = "D95",
    year           = "2017",
    number         = "3",
    pages          = "035031",
    doi            = "10.1103/PhysRevD.95.035031",
    eprint         = "1607.08307",
    archivePrefix  = "arXiv",
    primaryClass   = "hep-ph",
    SLACcitation   = "%%CITATION = ARXIV:1607.08307;%%"
}

@article{An,
      author         = "An, Haipeng and Wang, Lian-Tao",
      title          = "{Opening up the compressed region of top squark searches
                        at 13 TeV LHC}",
      journal        = "Phys. Rev. Lett.",
      volume         = "115",
      year           = "2015",
      pages          = "181602",
      doi            = "10.1103/PhysRevLett.115.181602",
      eprint         = "1506.00653",
      archivePrefix  = "arXiv",
      primaryClass   = "hep-ph",
      reportNumber   = "CALT-TH-2015-028",
      SLACcitation   = "%%CITATION = ARXIV:1506.00653;%%"
}

@article{Macaluso,
      author         = "Macaluso, Sebastian and Park, Michael and Shih, David and
                        Tweedie, Brock",
      title          = "{Revealing Compressed Stops Using High-Momentum Recoils}",
      journal        = "JHEP",
      volume         = "03",
      year           = "2016",
      pages          = "151",
      doi            = "10.1007/JHEP03(2016)151",
      eprint         = "1506.07885",
      archivePrefix  = "arXiv",
      primaryClass   = "hep-ph",
      reportNumber   = "PITT-PACC-1508",
      SLACcitation   = "%%CITATION = ARXIV:1506.07885;%%"
}

@article{powheg-box,
     author         = "Alioli, Simone and Nason, Paolo and Oleari, Carlo and Re,
                        Emanuele",
      title          = "{A general framework for implementing NLO calculations in
                        shower Monte Carlo programs: the POWHEG BOX}",
      journal        = "JHEP",
      volume         = "06",
      pages          = "043",
      doi            = "10.1007/JHEP06(2010)043",
      year           = "2010",
      eprint         = "1002.2581",
      archivePrefix  = "arXiv",
      primaryClass   = "hep-ph",
}

@article{LESTER199999,
title = "Measuring masses of semi-invisibly decaying particle pairs produced at hadron colliders",
journal = "Physics Letters B",
volume = "463",
number = "1",
pages = "99 - 103",
year = "1999",
issn = "0370-2693",
doi = "https://doi.org/10.1016/S0370-2693(99)00945-4",
url = "http://www.sciencedirect.com/science/article/pii/S0370269399009454",
author = "C.G Lester and D.J Summers"
}

@article{Aad:2016jkr,
			author         = "{{The ATLAS Collaboration}}",
			title          = "{Muon reconstruction performance of the ATLAS detector in proton–proton collision data at $\sqrt{s}$ =13 TeV}",
			journal        = "Eur. Phys. J.",
			volume         = "C76",
			year           = "2016",
			number         = "5",
			pages          = "292",
			doi            = "10.1140/epjc/s10052-016-4120-y",
			eprint         = "1603.05598",
			archivePrefix  = "arXiv",
			primaryClass   = "hep-ex",
			reportNumber   = "CERN-EP-2016-033",
			SLACcitation   = "%%CITATION = ARXIV:1603.05598;%%"
}

@article{egamma2,
	author        = "{{The ATLAS Collaboration}}",
	title         = "{Electron identification measurements in ATLAS using
									 $\sqrt{s}$ = 13 TeV data with 50 ns bunch spacing}",
	institution   = "CERN",
	address       = "Geneva",
	number        = "ATL-PHYS-PUB-2015-041",
	month         = "Sep",
	year          = "2015",
	reportNumber  = "ATL-PHYS-PUB-2015-041",
	url           = "https://cds.cern.ch/record/2048202",
}

@article{egamma,
	author        = "{{The ATLAS Collaboration}}",
	title          = "{Electron efficiency measurements with the ATLAS detector using 2012 LHC proton–proton collision data}",
	journal        = "Eur. Phys. J. C",
	volume         = "77",
	year           = "2017",
	number         = "3",
	pages          = "195",
	doi            = "10.1140/epjc/s10052-017-4756-2",
	eprint         = "1612.01456",
	archivePrefix  = "arXiv",
	primaryClass   = "hep-ex",
	reportNumber   = "CERN-EP-2016-262",
	SLACcitation   = "%%CITATION = ARXIV:1612.01456;%%"
}



@techreport{ATL-PHYS-PUB-2016-014,
			title         = "{Photon identification in 2015 ATLAS data}",
			institution   = "CERN",
			collaboration = "{{The ATLAS Collaboration}}",
			address       = "Geneva",
			number        = "ATL-PHYS-PUB-2016-014",
			month         = "Aug",
			year          = "2016",
			reportNumber  = "ATL-PHYS-PUB-2016-014",
			url           = "https://cds.cern.ch/record/2203125",
}

@article{GtcMonojet,
      author         = "Aaboud, Morad and others",
      title          = "{Search for new phenomena in final states with an 
                        energetic jet and large missing transverse momentum in
                        $pp$ collisions at $\sqrt{s}=13$ TeV using the ATLAS
                        detector}",
      collaboration  = "ATLAS",
      journal        = "Phys. Rev.",
      volume         = "D94",
      year           = "2016",
      number         = "3",
      pages          = "032005",
      doi            = "10.1103/PhysRevD.94.032005",
      eprint         = "1604.07773",
      archivePrefix  = "arXiv",
      primaryClass   = "hep-ex",
      reportNumber   = "CERN-EP-2016-075"
}

@article{Aad:2012fqa,
      author         = "Aad, Georges and others",
      title          = "{Search for squarks and gluinos with the ATLAS detector
                        in final states with jets and missing transverse momentum
                        using 4.7 fb$^{-1}$ of $\sqrt{s}=7$ TeV proton-proton
                        collision data}",
      collaboration  = "ATLAS",
      journal        = "Phys. Rev.",
      volume         = "D87",
      year           = "2013",
      number         = "1",
      pages          = "012008",
      doi            = "10.1103/PhysRevD.87.012008",
      eprint         = "1208.0949",
      archivePrefix  = "arXiv",
      primaryClass   = "hep-ex",
      reportNumber   = "CERN-PH-EP-2012-195",
      SLACcitation   = "%%CITATION = ARXIV:1208.0949;%%"
}

@article{Gtc1L,
      author         = "Aad, Georges and others",
      title          = "{Search for squarks and gluinos in events with isolated
                        leptons, jets and missing transverse momentum at
                        $\sqrt{s}=8$ TeV with the ATLAS detector}",
      collaboration  = "ATLAS",
      journal        = "JHEP",
      volume         = "04",
      year           = "2015",
      pages          = "116",
      doi            = "10.1007/JHEP04(2015)116",
      eprint         = "1501.03555",
      archivePrefix  = "arXiv",
      primaryClass   = "hep-ex",
      reportNumber   = "CERN-PH-EP-2014-278",
      SLACcitation   = "%%CITATION = ARXIV:1501.03555;%%"
}

@article{stop1L,
      author         = "Aaboud, Morad and others",
      title          = "{Search for top squarks in final states with one isolated
                        lepton, jets, and missing transverse momentum in
                        $\sqrt{s}=13$ TeV $pp$ collisions with the ATLAS
                        detector}",
      collaboration  = "ATLAS",
      journal        = "Phys. Rev.",
      volume         = "D94",
      year           = "2016",
      number         = "5",
      pages          = "052009",
      doi            = "10.1103/PhysRevD.94.052009",
      eprint         = "1606.03903",
      archivePrefix  = "arXiv",
      primaryClass   = "hep-ex",
      reportNumber   = "CERN-EP-2016-113",
      SLACcitation   = "%%CITATION = ARXIV:1606.03903;%%"
}

@book{thompson1994angular,
  title={Angular Momentum: An Illustrated Guide to Rotational Symmetries for Physical Systems},
  author={Thompson, W.J.},
  number={v. 1},
  isbn={9780471552642},
  lccn={93044636},
  series={A Wiley-Interscience publication},
  url={https://books.google.co.uk/books?id=O25fXV4z0B0C},
  year={1994},
  publisher={Wiley}
}


@article{stop0LRun1,
			author         = "{{The ATLAS Collaboration}}",
			title          = "{Search for direct pair production of the top squark in
												all-hadronic final states in proton-proton collisions at
												$\sqrt{s}=8$ TeV with the ATLAS detector}",
			journal        = "JHEP",
			volume         = "09",
			year           = "2014",
			pages          = "015",
			doi            = "10.1007/JHEP09(2014)015",
			eprint         = "1406.1122",
			archivePrefix  = "arXiv",
			primaryClass   = "hep-ex",
			reportNumber   = "CERN-PH-EP-2014-112",
			SLACcitation   = "%%CITATION = ARXIV:1406.1122;%%"
}

@article{Aaboud:2016yuq,
			author         = "{{The ATLAS Collaboration}}",
			title          = "{Measurement of the photon identification efficiencies
												with the ATLAS detector using LHC Run-1 data}",
			collaboration  = "ATLAS",
			journal        = "Eur. Phys. J.",
			volume         = "C76",
			year           = "2016",
			number         = "12",
			pages          = "666",
			doi            = "10.1140/epjc/s10052-016-4507-9",
			eprint         = "1606.01813",
			archivePrefix  = "arXiv",
			primaryClass   = "hep-ex",
			reportNumber   = "CERN-EP-2016-110",
			SLACcitation   = "%%CITATION = ARXIV:1606.01813;%%"
}

@article{ICHEPstop0L,
			author         = "{{The ATLAS Collaboration}}",
			title          = "{Search for the Supersymmetric Partner of the Top Quark in the Jets+\met\ Final State at $\sqrt{s} = 13$ TeV}",
			year           = "2016",
			reportNumber   = "ATLAS-CONF-2016-077",
			SLACcitation   = "%%CITATION = ATLAS-CONF-2016-077;%%"
}

@article{stop0L,
      author         = "Aaboud, Morad and others",
      title          = "{Search for a scalar partner of the top quark in the jets
                        plus missing transverse momentum final state at
                        $\sqrt{s}$=13 TeV with the ATLAS detector}",
      collaboration  = "ATLAS",
      journal        = "JHEP",
      volume         = "12",
      year           = "2017",
      pages          = "085",
      doi            = "10.1007/JHEP12(2017)085",
      eprint         = "1709.04183",
      archivePrefix  = "arXiv",
      primaryClass   = "hep-ex",
      reportNumber   = "CERN-EP-2017-162",
      SLACcitation   = "%%CITATION = ARXIV:1709.04183;%%"
}

@article{Alwall:2008ve,
			author         = "Alwall, Johan and Le, My-Phuong and Lisanti, Mariangela
												and Wacker, Jay G.",
			title          = "{Searching for directly decaying gluinos at the
												Tevatron}",
			journal        = "Phys. Lett. B",
			volume         = "666",
			year           = "2008",
			pages          = "34-37",
			doi            = "10.1016/j.physletb.2008.06.065",
			eprint         = "0803.0019",
			archivePrefix  = "arXiv",
			primaryClass   = "hep-ph",
			reportNumber   = "SLAC-PUB-13149",
			SLACcitation   = "%%CITATION = ARXIV:0803.0019;%%"
}

@article{Alwall:2008ag,
			author         = "Alwall, Johan and Schuster, Philip and Toro, Natalia",
			title          = "{Simplified models for a first characterization of new
												physics at the LHC}",
			journal        = "Phys. Rev. D",
			volume         = "79",
			year           = "2009",
			pages          = "075020",
			doi            = "10.1103/PhysRevD.79.075020",
			eprint         = "0810.3921",
			archivePrefix  = "arXiv",
			primaryClass   = "hep-ph",
			reportNumber   = "SLAC-PUB-13425, SU-ITP-08-24",
			SLACcitation   = "%%CITATION = ARXIV:0810.3921;%%"
}

@article{Alves:2011wf,
			author         = "Alves, Daniele",
			
			title          = "{Simplified models for LHC new physics searches}",
			collaboration  = "LHC New Physics Working Group",
			journal        = "J. Phys. G",
			volume         = "39",
			year           = "2012",
			pages          = "105005",
			doi            = "10.1088/0954-3899/39/10/105005",
			eprint         = "1105.2838",
			archivePrefix  = "arXiv",
			primaryClass   = "hep-ph",
			reportNumber   = "SLAC-PUB-15045, FERMILAB-PUB-11-842-A-PPD",
			SLACcitation   = "%%CITATION = ARXIV:1105.2838;%%"
}

@article{Djouadi:1998di,
			author         = "Djouadi, A. and others",
			title          = "{The Minimal supersymmetric standard model: Group summary
												report}",
			year           = "1998",
			eprint         = "9901246",
			primaryClass   = "hep-ph",
			archivePrefix  = "arXiv",
			reportNumber   = "PM-98-45",
			SLACcitation   = "%%CITATION = HEP-PH/9901246;%%"
}

@article{Berger:2008cq,
			author         = "Berger, Carola F. and Gainer, James S. and Hewett, JoAnne
												L. and Rizzo, Thomas G.",
			title          = "{Supersymmetry without prejudice}",
			journal        = "JHEP",
			volume         = "02",
			year           = "2009",
			pages          = "023",
			doi            = "10.1088/1126-6708/2009/02/023",
			eprint         = "0812.0980",
			archivePrefix  = "arXiv",
			primaryClass   = "hep-ph",
			reportNumber   = "MIT-CTP-3988, SLAC-PUB-13388",
			SLACcitation   = "%%CITATION = ARXIV:0812.0980;%%"
}

@article{madgraph,
			author         = "Alwall, J. and Frederix, R. and Frixione, S. and Hirschi,
												V. and Maltoni, F. and Mattelaer, O. and Shao, H. -S. and
												Stelzer, T. and Torrielli, P. and Zaro, M.",
			title          = "{The automated computation of tree-level and
												next-to-leading order differential cross sections, and
												their matching to parton shower simulations}",
			journal        = "JHEP",
			volume         = "07",
			year           = "2014",
			pages          = "079",
			doi            = "10.1007/JHEP07(2014)079",
			eprint         = "1405.0301",
			archivePrefix  = "arXiv",
			primaryClass   = "hep-ph",
			reportNumber   = "CERN-PH-TH-2014-064, CP3-14-18, LPN14-066, MCNET-14-09,
												ZU-TH-14-14",
			SLACcitation   = "%%CITATION = ARXIV:1405.0301;%%"
}

@article{aMCatNLO,
			author         = "Frixione, Stefano and Webber, Bryan R.",
			title          = "{Matching NLO QCD computations and parton shower
												simulations}",
			journal        = "JHEP",
			volume         = "06",
			year           = "2002",
			pages          = "029",
			doi            = "10.1088/1126-6708/2002/06/029",
			eprint         = "hep-ph/0204244",
			archivePrefix  = "arXiv",
			primaryClass   = "hep-ph",
			reportNumber   = "CAVENDISH-HEP-02-01, LAPTH-905-02, GEF-TH-2-2002",
			SLACcitation   = "%%CITATION = HEP-PH/0204244;%%"
}


@article{pythia8,
			author         = "{Sj\"ostrand}, Torbjorn and Mrenna, Stephen and Skands, Peter
												Z.",
			title          = "{A brief introduction to PYTHIA 8.1}",
			journal        = "Comput. Phys. Commun.",
			volume         = "178",
			year           = "2008",
			pages          = "852-867",
			doi            = "10.1016/j.cpc.2008.01.036",
			eprint         = "0710.3820",
			archivePrefix  = "arXiv",
			primaryClass   = "hep-ph",
			reportNumber   = "CERN-LCGAPP-2007-04, LU-TP-07-28,
												FERMILAB-PUB-07-512-CD-T",
			SLACcitation   = "%%CITATION = ARXIV:0710.3820;%%"
}

@article{evtGen,
	title = "The EvtGen particle decay simulation package ",
	journal = "Nucl. Instrum. Meth.",
	volume = "462",
	number = "1–2",
	pages = "152 - 155",
	year = "2001",
	doi = "http://dx.doi.org/10.1016/S0168-9002(01)00089-4",
	author = "David J. Lange",
}

@article{CT10,
			author         = "Lai, Hung-Liang and Guzzi, Marco and Huston, Joey and Li,
												Zhao and Nadolsky, Pavel M. and Pumplin, Jon and Yuan, C.
												-P.",
			title          = "{New parton distributions for collider physics}",
			journal        = "Phys. Rev. D",
			volume         = "82",
			year           = "2010",
			pages          = "074024",
			doi            = "10.1103/PhysRevD.82.074024",
			eprint         = "1007.2241",
			archivePrefix  = "arXiv",
			primaryClass   = "hep-ph",
			reportNumber   = "MSUHEP-100707, SMU-HEP-10-10",
			SLACcitation   = "%%CITATION = ARXIV:1007.2241;%%"
}


@article{CKKW,
		 author         = "L{\"o}nnblad, Leif and Prestel, Stefan",
			title          = "{Merging multi-leg NLO matrix elements with parton
												showers}",
			journal        = "JHEP",
			volume         = "03",
			year           = "2013",
			pages          = "166",
			doi            = "10.1007/JHEP03(2013)166",
			eprint         = "1211.7278",
			archivePrefix  = "arXiv",
			primaryClass   = "hep-ph",
			reportNumber   = "MCNET-12-17, LU-TP-12-43",
			SLACcitation   = "%%CITATION = ARXIV:1211.7278;%%"
}

@Article{Beenakker:1997ut,
		 author    = "Beenakker, W. and Kramer, M. and Plehn, T. and Spira, M.
									and Zerwas, P. M.",
		 title     = "Stop production at hadron colliders",
		 journal   = "Nucl. Phys.",
		 volume    = "B515",
		 year      = "1998",
		 pages     = "3-14",
		 eprint    = "hep-ph/9710451",
		 SLACcitation  = "%%CITATION = HEP-PH/9710451;%%"
}

@Article{Beenakker:2010nq,
		 author    = "Beenakker, W. and Brensing, S. and Kramer, M. and Kulesza, A. and Laenen, E. and Niessen, I.",
		 title     = "Supersymmetric top and bottom squark production at hadron colliders",
		 journal   = "JHEP.",
		 volume    = "1008",
		 year      = "2010",
		 pages     = "098",
		 eprint    = "arXiv:1006.4771 [hep-ph]",
		 SLACcitation  = "%%CITATION = ARXIV:1006.4771;%%"
}

@article{Beenakker:2011fu,
			author         = "Beenakker, W. and Brensing, S. and Kramer, M. and
												Kulesza, A. and Laenen, E. and others",
			title          = "{Squark and gluino hadroproduction}",
			journal        = "Int.J.Mod.Phys.",
			volume         = "A26",
			pages          = "2637-2664",
			doi            = "10.1142/S0217751X11053560",
			year           = "2011",
			eprint         = "1105.1110",
			archivePrefix  = "arXiv",
			primaryClass   = "hep-ph",
			reportNumber   = "DESY-11-060, ITFA-11-09, ITP-UU-11-13, NIKHEF-2011-011,
												TTK-11-12",
			SLACcitation   = "%%CITATION = ARXIV:1105.1110;%%",
}

@article{Borschensky:2014cia,
			author         = "Borschensky, Christoph and Kramer, Michael and Kulesza,
												Anna and Mangano, Michelangelo and Padhi, Sanjay and
												Plehn, Tilman and Portell, Xavier",
			title          = "{Squark and gluino production cross sections in pp
												collisions at $\sqrt{s}$ = 13, 14, 33 and 100 TeV}",
			journal        = "Eur. Phys. J. C",
			volume         = "74",
			year           = "2014",
			pages          = "3174",
			doi            = "10.1140/epjc/s10052-014-3174-y",
			eprint         = "1407.5066",
			archivePrefix  = "arXiv",
			primaryClass   = "hep-ph",
			reportNumber   = "MS-TP-14-25, CERN-PH-TH-2014-137, TTK-14-13",
			SLACcitation   = "%%CITATION = ARXIV:1407.5066;%%"
}

@article{Allanach:2001kg,
			author         = "Allanach, B.C.",
			title          = "{SOFTSUSY: a program for calculating supersymmetric
												spectra}",
			journal        = "Comput. Phys. Commun.",
			volume         = "143",
			pages          = "305-331",
			doi            = "10.1016/S0010-4655(01)00460-X",
			year           = "2002",
			eprint         = "hep-ph/0104145",
			archivePrefix  = "arXiv",
			reportNumber   = "CERN-TH-2001-102",
			SLACcitation   = "%%CITATION = HEP-PH/0104145;%%",
}

@article{Allanach:2013kza,
			author         = "Allanach, B.C. and Athron, P. and Tunstall, Lewis C. and
												Voigt, A. and Williams, A.G.",
			title          = "{Next-to-minimal SOFTSUSY}",
			journal        = "Comput. Phys. Commun.",
			volume         = "185",
			pages          = "2322-2339",
			doi            = "10.1016/j.cpc.2014.04.015",
			year           = "2014",
			eprint         = "1311.7659",
			archivePrefix  = "arXiv",
			primaryClass   = "hep-ph",
			reportNumber   = "ADP-13-33-T853",
			SLACcitation   = "%%CITATION = ARXIV:1311.7659;%%",
}

@article{hdecay,
			author         = "{A. Djouadi, J. Kalinowski and M. Spira}",
			title          = "{HDECAY: A Program for Higgs boson decays in
			the standard model and its supersymmetric extension}",
			journal        = "Comput. Phys. Commun.",
			volume         = "108",
			pages          = "56",
			doi            = "10.1016/S0010-4655(97)00123-9",
			year           = "1998",
			eprint         = "9704448",
			archivePrefix  = "arXiv",
			primaryClass   = "hep-ph",
			SLACcitation   = "%%CITATION = ARXIV:hep-ph/9704448;%%",
}

@article{sdecay,
			author         = "{A. Djouadi, M. Muhlleitner and M. Spira}",
			title          = "{Decays of supersymmetric particles: The Program
			SUSY-HIT (SUspect-SdecaY-Hdecay-InTerface)}",
			journal        = "Acta. Phys. Polon. B",
			volume         = "38",
			pages          = "635-644",
			year           = "2007",
			eprint         = "0609292",
			archivePrefix  = "arXiv",
			primaryClass   = "hep-ph",
			SLACcitation   = "%%CITATION = ARXIV:hep-ph/0609292;%%",
}

@article{PDFs,
			author         = "Ball, Richard D. and others",
			title          = "{Parton distributions with LHC data}",
			journal        = "Nucl. Phys. B",
			volume         = "867",
			year           = "2013",
			pages          = "244-289",
			doi            = "10.1016/j.nuclphysb.2012.10.003",
			eprint         = "1207.1303",
			archivePrefix  = "arXiv",
			primaryClass   = "hep-ph",
			reportNumber   = "EDINBURGH-2012-08, IFUM-FT-997, FR-PHENO-2012-014,
												RWTH-TTK-12-25, CERN-PH-TH-2012-037, SFB-CPP-12-47,
												--CERN-PH-TH-2012-037",
			SLACcitation   = "%%CITATION = ARXIV:1207.1303;%%"
}       

@article{DMhf,
      author         = "Aaboud, Morad and others",
      title          = "{Search for dark matter produced in association with
                        bottom or top quarks in $\sqrt{s}=13$ TeV pp collisions
                        with the ATLAS detector}",
      collaboration  = "ATLAS",
      journal        = "Eur. Phys. J.",
      volume         = "C78",
      year           = "2018",
      number         = "1",
      pages          = "18",
      doi            = "10.1140/epjc/s10052-017-5486-1",
      eprint         = "1710.11412",
      archivePrefix  = "arXiv",
      primaryClass   = "hep-ex",
      reportNumber   = "CERN-EP-2017-229",
      SLACcitation   = "%%CITATION = ARXIV:1710.11412;%%"
}

@article{oldDMhf,
			author         = "{{The ATLAS Collaboration}}",
			title          = "{Search for dark matter produced in association with bottom or top quarks in $\sqrt{s}$ = 13 TeV pp collisions with the ATLAS detector}",
			year           = "2017",
			eprint         = "1710.11412",
			archivePrefix  = "arXiv",
			primaryClass   = "hep-ex",
			reportNumber   = "CERN-EP-2017-229",
			SLACcitation   = "%%CITATION = ARXIV:1710.11412;%%"
}

@Article{Aad2011,
author={{The ATLAS Collaboration}},
title="Studies of the performance of the ATLAS detector using cosmic-ray muons",
journal="The European Physical Journal C",
year="2011",
month="Mar",
day="29",
volume="71",
number="3",
pages="1593",
issn="1434-6052",
doi="10.1140/epjc/s10052-011-1593-6",
url="https://doi.org/10.1140/epjc/s10052-011-1593-6"
}

@Article{PERF-2015-10,
	author         = "{{The ATLAS Collaboration}}",
	title          = "{Muon reconstruction performance of the ATLAS detector in proton--proton collision data at $\sqrt{s}$ =13 TeV}",
	journal        = "Eur. Phys. J. C",
	volume         = "76",
	year           = "2016",
	number         = "5",
	pages          = "292",
	doi            = "10.1140/epjc/s10052-016-4120-y",
	eprint         = "1603.05598",
	archivePrefix  = "arXiv",
	primaryClass   = "hep-ex",
	reportNumber   = "CERN-EP-2016-033",
	SLACcitation   = "%%CITATION = ARXIV:1603.05598;%%"
}


@book{oro44361,
					 month = {January},
					 title = {An Introduction to Galaxies and Cosmology (2nd ed)},
					author = {Mark H. Jones and Robert J. A. Lambourne and Stephen Serjeant},
				 address = {Cambridge},
			 publisher = {Cambridge University Press/Open University},
						year = {2015},
						 url = {http://oro.open.ac.uk/44361/},
				abstract = {This well-received textbook has been designed by a team of experts for introductory courses in astronomy and astrophysics. Starting with a detailed discussion of our Galaxy, the Milky Way, it goes on to give a general introduction to normal and active galaxies including models for their formation and evolution. The second part of the book provides an overview of cosmological models, discussing the Big Bang, dark energy and the expansion of the Universe. This second edition has been updated to reflect the latest developments and observations, while still probing the unresolved questions at the forefront of research. It contains numerous learning features such as boxed summaries, exercises with full solutions, a glossary and a supporting website hosting further teaching materials. Written in an accessible style that avoids complex mathematics, and illustrated in colour throughout, this text is suitable for self-study and will appeal to amateur astronomers as well as students.}
}


@article{Hidaka:2000cm,
			author         = "Hidaka, K. and Bartl, A.",
			title          = "{Impact of bosonic decays on the search for the lighter
												stop and sbottom squarks}",
			journal        = "Phys. Lett.",
			volume         = "B501",
			year           = "2001",
			pages          = "78-85",
			doi            = "10.1016/S0370-2693(01)00108-3",
			eprint         = "hep-ph/0012021",
			archivePrefix  = "arXiv",
			primaryClass   = "hep-ph",
			reportNumber   = "TGU-26, UWTHPH-2000-46",
			SLACcitation   = "%%CITATION = HEP-PH/0012021;%%"
}

@article{Haber:1984rc,
			author         = "Haber, Howard E. and Kane, Gordon L.",
			title          = "{The Search for Supersymmetry: Probing Physics Beyond the
												Standard Model}",
			journal        = "Phys. Rept.",
			volume         = "117",
			year           = "1985",
			pages          = "75-263",
			doi            = "10.1016/0370-1573(85)90051-1",
			reportNumber   = "UM-HE-TH-83-17, SCIPP-85-47",
			SLACcitation   = "%%CITATION = PRPLC,117,75;%%"
}

@techreport{ATL-COM-DAQ-2016-137,
			author        = "Ruthmann, Nils and Nakahama, Yu and Leonidopoulos,
											 Christos",
			title         = "{Trigger Menu in 2016}",
			institution   = "CERN",
			address       = "Geneva",
			number        = "ATL-COM-DAQ-2016-137",
			month         = "Sep",
			year          = "2016",
			reportNumber  = "ATL-COM-DAQ-2016-137",
			url           = "https://cds.cern.ch/record/2216366",
}

@article{Giudice:1998xp,
			author         = "Giudice, Gian F. and Luty, Markus A. and Murayama,
												Hitoshi and Rattazzi, Riccardo",
			title          = "{Gaugino mass without singlets}",
			journal        = "JHEP",
			volume         = "12",
			year           = "1998",
			pages          = "027",
			doi            = "10.1088/1126-6708/1998/12/027",
			eprint         = "hep-ph/9810442",
			archivePrefix  = "arXiv",
			primaryClass   = "hep-ph",
			reportNumber   = "CERN-TH-98-337, LBNL-42419, LBL-42419, UCB-PTH-98-50,
												UMD-PP-99-037",
			SLACcitation   = "%%CITATION = HEP-PH/9810442;%%"
}

@article{Randall:1998uk,
			author         = "Randall, Lisa and Sundrum, Raman",
			title          = "{Out of this world supersymmetry breaking}",
			journal        = "Nucl. Phys.",
			volume         = "B557",
			year           = "1999",
			pages          = "79-118",
			doi            = "10.1016/S0550-3213(99)00359-4",
			eprint         = "hep-th/9810155",
			archivePrefix  = "arXiv",
			primaryClass   = "hep-th",
			reportNumber   = "MIT-CTP-2788, PUPT-1815, BUHEP-98-26",
			SLACcitation   = "%%CITATION = HEP-TH/9810155;%%"
}

@article{ARBEY2012162,
title = "Implications of a 125 GeV Higgs for supersymmetric models",
journal = "Physics Letters B",
volume = "708",
number = "1",
pages = "162 - 169",
year = "2012",
issn = "0370-2693",
doi = "https://doi.org/10.1016/j.physletb.2012.01.053",
url = "http://www.sciencedirect.com/science/article/pii/S0370269312000810",
author = "A. Arbey and M. Battaglia and A. Djouadi and F. Mahmoudi and J. Quevillon"
}

@article{PhysRevLett.49.970,
	title = {Locally Supersymmetric Grand Unification},
	author = {Chamseddine, A. H. and Arnowitt, R. and Nath, Pran},
	journal = {Phys. Rev. Lett.},
	volume = {49},
	issue = {14},
	pages = {970--974},
	numpages = {0},
	year = {1982},
	month = {Oct},
	publisher = {American Physical Society},
	doi = {10.1103/PhysRevLett.49.970},
	url = {https://link.aps.org/doi/10.1103/PhysRevLett.49.970}
}

@article{Atlas8TeVSummary,
			author         = "Aad, Georges and others",
			title          = "{ATLAS Run 1 searches for direct pair production of
												third-generation squarks at the Large Hadron Collider}",
			collaboration  = "ATLAS",
			journal        = "Eur. Phys. J.",
			volume         = "C75",
			year           = "2015",
			number         = "10",
			pages          = "510",
			doi            = "10.1140/epjc/s10052-015-3726-9,
												10.1140/epjc/s10052-016-3935-x",
			note           = "[Erratum: Eur. Phys. J.C76,no.3,153(2016)]",
			eprint         = "1506.08616",
			archivePrefix  = "arXiv",
			primaryClass   = "hep-ex",
			reportNumber   = "CERN-PH-EP-2015-138",
			SLACcitation   = "%%CITATION = ARXIV:1506.08616;%%"
}


@article{Miano:2016oty,
			author         = {{F. Miano for the ATLAS Collaboration}},
			title          = "{The design and performance of the ATLAS Inner Detector
												trigger for Run 2 LHC collisions at $\sqrt{s} =$ 13 TeV}",
			booktitle      = "{Proceedings, 38th International Conference on High Energy Physics (ICHEP 2016): Chicago, IL, USA, August
												3-10, 2016}",
			journal        = "PoS",
			volume         = "ICHEP2016",
			year           = "2016",
			pages          = "856",
			SLACcitation   = "%%CITATION = POSCI,ICHEP2016,856;%%"
}
		%author={G Aad et al.},
@article{ATLASPix,
	collaboration={ATLAS},
	title={ATLAS pixel detector electronics and sensors},
	journal={Journal of Instrumentation},
	volume={3},
	number={07},
	pages={P07007},
	url={http://stacks.iop.org/1748-0221/3/i=07/a=P07007},
	year={2008},
	abstract={The silicon pixel tracking system for the ATLAS experiment at the Large Hadron Collider is described and the performance requirements are summarized. Detailed descriptions of the pixel detector electronics and the silicon sensors are given. The design, fabrication, assembly and performance of the pixel detector modules are presented. Data obtained from test beams as well as studies using cosmic rays are also discussed.}
}
	

@article{YAMAMOTO200853,
title = "The ATLAS central solenoid",
journal = "Nuclear Instruments and Methods in Physics Research Section A: Accelerators, Spectrometers, Detectors and Associated Equipment",
volume = "584",
number = "1",
pages = "53 - 74",
year = "2008",
note = "",
issn = "0168-9002",
doi = "http://dx.doi.org/10.1016/j.nima.2007.09.047",
url = "http://www.sciencedirect.com/science/article/pii/S0168900207020414",
author = "A. Yamamoto and Y. Makida and R. Ruber and Y. Doi and T. Haruyama and F. Haug and H. ten Kate and M. Kawai and T. Kondo and Y. Kondo and J. Metselaar and S. Mizumaki and G. Olesen and O. Pavlov and S. Ravat and E. Sbrissa and K. Tanaka and T. Taylor and H. Yamaoka",
keywords = "Detector magnet",
keywords = "Thin solenoid",
keywords = "Aluminum-stabilized conductor"
}

@article{HI2015,
author = {{J.M. Jowett, M. Schaumann, R. Alemany, R. Bruce, M. Giovannozzi, P. Hermes, W. Hofle, M. Lamont, T. Mertens, S. Redaelli, J. Uythoven, J. Wenninger}},
title = {{The 2015 Heavy-Ion Run of the LHC}},
url = {http://accelconf.web.cern.ch/accelconf/ipac2016/papers/tupmw027.pdf}
}

@article{LHCDesignReport,
author = {{O. S. Br$\ddot{\text{u}}$uning, P. Collier, P. Lebrun, S. Myers, R. Ostojic, J. Poole and P. Proudlock}},
title = {{LHC Design Report}},
doi = {10.1570/CERN-2004-003-V-1},
url = {https://cds.cern.ch/record/782076}
}

@article{ATLASJINST,
author = {{The ATLAS Collaboration}},
title = {The ATLAS experiment at the CERN Large Hadron Collider},
journal = {Journal of Instrumentation},
volume = {3},
number = {08},
pages = {S08003},
url = {http://stacks.iop.org/1748-0221/3/i=08/a=S08003},
year = {2008}
}

% Optional fields: author, title, howpublished, month, year, note
% Optional fields: author, title, howpublished, month, year, note
% Optional fields: author, title, howpublished, month, year, note
@MISC{btagpic,
author = {Nazar Bartosik},
year = {2016},
title = {Diagram showing the common principle of identification of jets initiated by $b$-hadron decays},
url = { http://bartosik.pp.ua/hep_sketches/btagging}  
}

@MISC{PubMuons,
author = {{The ATLAS Collaboration}}, 
title  = {ATLAS Muon Combined Performance with the full 2016 dataset},
url = {https://atlas.web.cern.ch/Atlas/GROUPS/PHYSICS/PLOTS/MUON-2017-001/index.html}  
}

@article{Aaboud:2017pou,
			author         = "{{The ATLAS Collaboration}}",
			title          = "{Identification and rejection of pile-up jets at high pseudorapidity with the ATLAS detector}",
			journal        = "Eur. Phys. J.",
			volume         = "C77",
			year           = "2017",
			number         = "9",
			pages          = "580",
			doi            = "10.1140/epjc/s10052-017-5081-5,
												10.1140/epjc/s10052-017-5245-3",
			note           = "[Erratum: Eur. Phys. J.C77,no.10,712(2017)]",
			eprint         = "1705.02211",
			archivePrefix  = "arXiv",
			primaryClass   = "hep-ex",
			reportNumber   = "CERN-EP-2017-055",
			SLACcitation   = "%%CITATION = ARXIV:1705.02211;%%"
}

@techreport{ATLAS-CONF-2014-018,
      title         = "{Tagging and suppression of pileup jets with the ATLAS
                       detector}",
      institution   = "CERN",
      address       = "Geneva",
      number        = "ATLAS-CONF-2014-018",
      month         = "May",
      year          = "2014",
      reportNumber  = "ATLAS-CONF-2014-018",
      url           = "https://cds.cern.ch/record/1700870",
}

% Optional fields: author, title, howpublished, month, year, note
@MISC{ATLASPhotos,
author = {{The ATLAS Collaboration}},
title = {ATLAS Experiment - Photos},
url = {http://atlasexperiment.org/photos/inner-detector-combined.html}
  
}

@MISC{PubEGAMMA,
author = {{The ATLAS Collaboration}},
title = {Electron and Photon Performance Public Results},
url = {https://twiki.cern.ch/twiki/bin/view/AtlasPublic/ElectronGammaPublicCollisionResults}
}

@MISC{METevdisp,
author = "{{The ATLAS Collaboration}}",
title = "{ATLAS Event Displays from papers}",
url = {https://twiki.cern.ch/twiki/bin/view/AtlasPublic/EventDisplayPapers}
}


@MISC{ATLASMETTriggerPublicPage,
author = {{The ATLAS Collaboration}},
title = {Missing Energy Trigger Public Results},
url = {https://twiki.cern.ch/twiki/bin/view/AtlasPublic/MissingEtTriggerPublicResults}
}

@book{Adriani:926196,
title         = "{LHCf experiment: Technical Design Report}",
publisher     = "CERN",
collaboration = {{LHCf}},
address       = "Geneva",
series        = "Technical Design Report LHCf",
year          = "2006",
url           = "http://cds.cern.ch/record/926196",
}

@article{1748-0221-3-08-S08007,
	author={{TOTEM Collaboration}},
	title={The TOTEM Experiment at the CERN Large Hadron Collider},
	journal={Journal of Instrumentation},
	volume={3},
	number={08},
	pages={S08007},
	url={http://stacks.iop.org/1748-0221/3/i=08/a=S08007},
	year={2008}
}
 
@article{Pinfold:2017dot,
			author         = "Pinfold, James",
			title          = "{The MoEDAL experiment at the LHC}",
			booktitle      = "{Proceedings, 19th International Symposium on Very High
												Energy Cosmic Ray Interactions (ISVHECRI 2016): Moscow,
												Russia, August 22-27, 2016}",
			journal        = "EPJ Web Conf.",
			volume         = "145",
			year           = "2017",
			pages          = "12002",
			doi            = "10.1051/epjconf/201614512002",
			SLACcitation   = "%%CITATION = 00776,145,12002;%%"
}

@article{ATLASL1CaloTrig,
	author={{The ATLAS Collaboration}}, 
	title={The ATLAS Level-1 Calorimeter Trigger},
	journal={Journal of Instrumentation},
	volume={3},
	number={03},
	pages={P03001},
	url={http://stacks.iop.org/1748-0221/3/i=03/a=P03001},
	year={2008}
}


@article{LegacyPaper,
author = {{The ATLAS Collaboration}},
title = {Search for the electroweak production of supersymmetric particles in $\sqrt{s}$ = 8 TeV $pp$ collisions with the ATLAS detector},
year = 2016,
eprint = "1509.07152",
archivePrefix = "arXiv",
primaryClass = "hep-ex",
reportNumber = "CERN-PH-EP-2015-218",
doi={10.1103/PhysRevD.93.052002}
}
\centering@book{Cottingham1998,
author = {W. N. Cottingham and D. A. Greenwod},
title = {{An introduction to the standard model}},
publisher = {Cambridge}, 
year = {1998},
ISBN = {0521852498}
}

\@article{SNO2001,
author = {{SNO Collaboration}},
title = {{Measurement of the Rate of $\nu_{e} + d \rightarrow p + p + e^{-}$ Interactions Produced by $^{8}B$ Solar Neutrinos at the Sudbury Neutrino Observatory}},
journal = {Phys. Rev. Lett.},
volume = {87},
year = {2001},
doi = {10.1103/PhysRevLett.87.071301}
}

@article{SK1998,
			author         = "Fukuda, Y. and others",
			title          = "{Evidence for oscillation of atmospheric neutrinos}",
			collaboration  = "Super-Kamiokande",
			journal        = "Phys. Rev. Lett.",
			volume         = "81",
			year           = "1998",
			pages          = "1562-1567",
			doi            = "10.1103/PhysRevLett.81.1562",
			eprint         = "hep-ex/9807003",
			archivePrefix  = "arXiv",
			primaryClass   = "hep-ex",
			reportNumber   = "BU-98-17, ICRR-REPORT-422-98-18, UCI-98-8,
												KEK-PREPRINT-98-95, LSU-HEPA-5-98, UMD-98-003, SBHEP-98-5,
												TKU-PAP-98-06, TIT-HPE-98-09",
			SLACcitation   = "%%CITATION = HEP-EX/9807003;%%"
}

@article{Herrero1998,
author = {M. Herrero},
title = {The Standard Model},
url = {https://arxiv.org/abs/hep-ph/9812242} 
}

@article{Pentaquark2015,
author = {{The ATLAS Collaboration}},
year = {2015},
title = {{Observation of J/$\psi$p resonances consistence with pentaquark states in $\Lambda_{b}^{0} \rightarrow J/\psi K^{-} p$ decays}},
journal = {Phys. Rev. Lett.},
volume = {115},
doi = {10.1103/PhysRevLett.115.072001},
eprint = {1507.03414},
archivePrefix = {arXiv},
primaryClass = {hep-ex},
reportNumber = {CERN-PH-EP-2015-153}
}

@article{ATLASHiggs2012,
author = {{The ATLAS Collaboration}},
year = {2012},
title = {{Observation of a New Particle in the Search for the Standard Model Higgs Boson with the ATLAS Detector at the LHC}},
journal = {Phys.Lett.},
volume = {B716},
doi = {10.1016/j.physletb.2012.08.020},
eprint = {1207.7214},
archivePrefix = {arXiv},
primaryClass = {hep-ex},
reportnumber = {CERN-PH-EP-2012-218}
}

@article{CMSHiggs2012,
author = {{CMS Collaboration}},
year = {2012},
title= {{Observation of a new boson at a mass of 125 GeV with the CMS experiment at the LHC}},
journal = {Phys.Lett.},
volume= {B716},
doi={10.1016/j.physletb.2012.08.021},
eprint = {1207.7235},
archivePrefix = {arXiv},
primaryClass = {hep-ex},
reportnumber = {CMS-HIG-12-028; CERN-PH-EP-2012-220}
}

@article{ATLASCMSHiggs2015,
author = {{ATLAS, CMS Collaborations}},
year = {2015},
title = {{Combined Measurement of the Higgs Boson Mass in \textit{pp} Collisions at $\sqrt{s}$ = 7 and 8 TeV with the ATLAS and CMS Experiments}},
journal = {Phys. Rev. Lett.},
volume = {114},
doi = {10.1103/PhysRevLett.114.191803},
eprint = {1503.07589},
archivePrefix = {arXiv},
primaryClass = {hep-ex},
reportnumber = {ATLAS-HIGG-2014-14, CMS-HIG-14-042, CERN-PH-EP-2015-075}
}

@article{Schwarz2012,
author = {{J. H. Schwarz}},
year = {2012},
title = {{The Early History of String Theory and Supersymmetry}},
eprint = {1201.0981},
archivePrefix = {arXiv},
primaryClass = {physics.hist-ph},
reportnumber = {CALT-68-2858}
}

@article{histfitter,
      author         = "Baak, M. and Besjes, G. J. and Côte, D. and Koutsman, A.
                        and Lorenz, J. and Short, D.",
      title          = "{HistFitter software framework for statistical data
                        analysis}",
      journal        = "Eur. Phys. J.",
      volume         = "C75",
      year           = "2015",
      pages          = "153",
      doi            = "10.1140/epjc/s10052-015-3327-7",
      eprint         = "1410.1280",
      archivePrefix  = "arXiv",
      primaryClass   = "hep-ex",
      SLACcitation   = "%%CITATION = ARXIV:1410.1280;%%"
}


@article{Pich2012,
author={{A. Pich}},
year = {2012},
title = {{The Standard Model of Electroweak Interactions}},
eprint = {1201.0537},
archivePrefix = {arXiv},
primaryClass = {hep-ph},
reportnumber = {IFIC/11-73; FTUV/12-0102}
}

@article{PDG,
			author         = "Patrignani, C. and others",
			title          = "{Review of Particle Physics}",
			collaboration  = "Particle Data Group",
			journal        = "Chin. Phys.",
			volume         = "C40",
			year           = "2016",
			number         = "10",
			pages          = "100001",
			doi            = "10.1088/1674-1137/40/10/100001",
			SLACcitation   = "%%CITATION = CHPHD,C40,100001;%%"
}

@article{Dirac1928,
author = {{P. A. M. Dirac}},
year = {1928},
title = {{The Quantum Theory of the Electron}},
journal ={Proc. RS A: Math, Phys. and Eng.},
volume = {117},
number = {no. 778},
doi = {10.1098/rspa.1928.0023},
pages = {610-624}
}

@article{Majorana1937,
author = {{Ettore Majorana}},
year = {1937},
title = {{Teoria simmetrica dell'elettrone e del positrone}},
journal = {Il Nuovo Cimento},
volume = {14},
number = {4},
pages={171-184},
doi = {10.1007/BF02961314},
}

@book{Peskin1995,
author = {{M. E. Peskin, D. V. Schroeder}},
title = {{An Introduction to Quantum Field Theory}},
publisher = {Westview Press}, 
year = {1995},
}


@article{Alexandrou2013,
author = {{C. Alexandrou et. al}},
title = {{Nucleon Structure using Lattice QCD}},
eprint = {1303.6818},
archivePrefix={arXiv},
primaryClass = {hep-lat},
reportnumber = {DESY-13-047, SFB/CPP-13-22},
year = {2013}
}

@article{Englert1964,
author = {{F. Englert and R. Brout}},
title = {{Broken Symmetry and the Mass of Gauge Vector Bosons}},
journal = {Phys. Rev. Lett.},
volume = {13},
pages = {321-323},
year = {1964},
doi = {10.1103/PhysRevLett.13.321}
}

@article{Higgs1964,
author = {{P. W. Higgs}},
title = {{Broken Symmetries and the Masses of Gauge Bosons}},
journal = {Phys. Rev. Lett.},
volume = {13},
pages = {508-509},
year = {1964},
doi = {10.1103/PhysRevLett.13.508}
}

@article{Kibble1967,
	title = {Symmetry Breaking in Non-Abelian Gauge Theories},
	author = {Kibble, T. W. B.},
	journal = {Phys. Rev.},
	volume = {155},
	issue = {5},
	pages = {1554--1561},
	numpages = {0},
	year = {1967},
	month = {Mar},
	publisher = {American Physical Society},
	doi = {10.1103/PhysRev.155.1554},
	url = {http://link.aps.org/doi/10.1103/PhysRev.155.1554}
}

@article{PhysRevLett.30.1343,
	title = {Ultraviolet Behavior of Non-Abelian Gauge Theories},
	author = {Gross, David J. and Wilczek, Frank},
	journal = {Phys. Rev. Lett.},
	volume = {30},
	issue = {26},
	pages = {1343--1346},
	numpages = {0},
	year = {1973},
	month = {Jun},
	publisher = {American Physical Society},
	doi = {10.1103/PhysRevLett.30.1343},
	url = {https://link.aps.org/doi/10.1103/PhysRevLett.30.1343}
}


@book{Weinberg:1996kr,
			author         = "Weinberg, Steven",
			title          = "{The quantum theory of fields. Vol. 2: Modern
												applications}",
			publisher      = "Cambridge University Press",
			year           = "2013",
			ISBN           = "9781139632478, 9780521670548, 9780521550024",
			SLACcitation   = "%%CITATION = INSPIRE-430948;%%"
}

@article{Goldstone1962,
author = {{J. Goldstone, A. Salam and S. Weinberg}},
title= {{Broken Symmetries}},
journal = {Phys. Rev.},
volume = {127},
pages = {965-970},
year = {1962},
doi = {10.1103/PhysRev.127.965}
}

@article{Weinberg1976,
author = {{S. Weinberg}},
title = {{Implications of Dynamical Symmetry Breaking}},
journal = {Phys. Rev.},
volume = {D19},
pages = {1277-1280},
year = {1976},
doi = {10.1103/PhysRevD.13.974}
}

@article{MassiveNu,
author = {M. C. Gonzalez-Garcia and Michele Maltoni},
title = {Phenomenology with massive neutrinos},
journal = {Physics Reports},
volume = {460},
number = {1-3},
pages = {1 - 129},
year = {2008},
doi = {10.1016/j.physrep.2007.12.004}
}

@article{Akhmedov1999,
author = {{E. Kh. Akhmedov, et. al}},
title = {{Seesaw mechanism and structure of neutrino mass matrix}},
journal = {Phys. Lett.},
volume = {B478},
year = {1999},
doi = {10.1016/S0370-2693(00)00282-3},
reportNumber = {FISIST/18-99/CFIF},
}


@article{Rubin1970,
author = {{V. C. Rubin and W. K. Ford, Jr.}},
title = {{Rotation of the Andromeda Nebula from a Spectroscopic Survey of Emission Regions}},
journal = {Astrophysical Journal},
volume = {159},
pages = {379},
year = {1970},
doi = {10.1086/150317}
}
@article{Massey2010,
	author={Richard Massey and Thomas Kitching and Johan Richard},
	title={The dark matter of gravitational lensing},
	journal={Reports on Progress in Physics},
	volume={73},
	number={8},
	pages={086901},
	url={http://arxiv.org/abs/1001.1739},
	year={2010}
}

@article{ZbosonDiscovery,
      author         = "Arnison, G. and others",
      title          = "{Experimental Observation of Lepton Pairs of Invariant
                        Mass Around 95-GeV/c**2 at the CERN SPS Collider}",
      booktitle      = "{30 years of weak neutral currents}",
      collaboration  = "UA1",
      journal        = "Phys. Lett.",
      volume         = "B126",
      year           = "1983",
      pages          = "398-410",
      doi            = "10.1016/0370-2693(83)90188-0",
      note           = "[,7.55(1983)]",
      reportNumber   = "CERN-EP-83-73",
      SLACcitation   = "%%CITATION = PHLTA,B126,398;%%"
}

@article{WbosonDiscovery,
title = "Experimental observation of isolated large transverse energy electrons with associated missing energy at s=540 GeV",
journal = "Physics Letters B",
volume = "122",
number = "1",
pages = "103 - 116",
year = "1983",
issn = "0370-2693",
doi = "https://doi.org/10.1016/0370-2693(83)91177-2",
url = "http://www.sciencedirect.com/science/article/pii/0370269383911772",
author = "G. Arnison and others"
}
% A. Astbury and B. Aubert and C. Bacci and G. Bauer and A. Bézaguet and R. Böck and T.J.V. Bowcock and M. Calvetti and T. Carroll and P. Catz and P. Cennini and S. Centro and F. Ceradini and S. Cittolin and D. Cline and C. Cochet and J. Colas and M. Corden and D. Dallman and M. DeBeer and M. Della Negra and M. Demoulin and D. Denegri and A. Di Ciaccio and D. DiBitonto and L. Dobrzynski and J.D. Dowell and M. Edwards and K. Eggert and E. Eisenhandler and N. Ellis and P. Erhard and H. Faissner and G. Fontaine and R. Frey and R. Frühwirth and J. Garvey and S. Geer and C. Ghesquière and P. Ghez and K.L. Giboni and W.R. Gibson and Y. Giraud-Héraud and A. Givernaud and A. Gonidec and G. Grayer and P. Gutierrez and T. Hansl-Kozanecka and W.J. Haynes and L.O. Hertzberger and C. Hodges and D. Hoffmann and H. Hoffmann and D.J. Holthuizen and R.J. Homer and A. Honma and W. Jank and G. Jorat and P.I.P. Kalmus and V. Karimäki and R. Keeler and I. Kenyon and A. Kernan and R. Kinnunen and H. Kowalski and W. Kozanecki and D. Kryn and F. Lacava and J.-P. Laugier and J.-P. Lees and H. Lehmann and K. Leuchs and A. Lévêque and E. Linglin and E. Locci and M. Loret and J.-J. Malosse and T. Markiewicz and G. Maurin and T. McMahon and J.-P. Mendiburu and M.-N. Minard and M. Moricca and H. Muirhead and F. Muller and A.K. Nandi and L. Naumann and A. Norton and A. Orkin-Lecourtois and L. Paoluzi and G. Petrucci and G.Piano Mortari and M. Pimiä and A. Placci and E. Radermacher and J. Ransdell and H. Reithler and J.-P. Revol and J. Rich and M. Rijssenbeek and C. Roberts and J. Rohlf and P. Rossi and C. Rubbia and B. Sadoulet and G. Sajot and G. Salvi and J. Salvini and J. Sass and A. Saudraix and A. Savoy-Navarro and D. Schinzel and W. Scott and T.P. Shah and M. Spiro and J. Strauss and K. Sumorok and F. Szoncso and D. Smith and C. Tao and G. Thompson and J. Timmer and E. Tscheslog and J. Tuominiemi and S. Van der Meer and J.-P. Vialle and J. Vrana and V. Vuillemin and H.D. Wahl and P. Watkins and J. Wilson and Y.G. Xie and M. Yvert and E. Zurfluh"}

@article{tauDiscovery,
  title = {Evidence for Anomalous Lepton Production in ${e}^{+}\ensuremath{-}{e}^{\ensuremath{-}}$ Annihilation},
  author = {Perl, M. L. and Abrams, G. S. and Boyarski, A. M. and Breidenbach, M. and Briggs, D. D. and Bulos, F. and Chinowsky, W. and Dakin, J. T. and Feldman, G. J. and Friedberg, C. E. and Fryberger, D. and Goldhaber, G. and Hanson, G. and Heile, F. B. and Jean-Marie, B. and Kadyk, J. A. and Larsen, R. R. and Litke, A. M. and L\"uke, D. and Lulu, B. A. and L\"uth, V. and Lyon, D. and Morehouse, C. C. and Paterson, J. M. and Pierre, F. M. and Pun, T. P. and Rapidis, P. A. and Richter, B. and Sadoulet, B. and Schwitters, R. F. and Tanenbaum, W. and Trilling, G. H. and Vannucci, F. and Whitaker, J. S. and Winkelmann, F. C. and Wiss, J. E.},
  journal = {Phys. Rev. Lett.},
  volume = {35},
  issue = {22},
  pages = {1489--1492},
  numpages = {0},
  year = {1975},
  month = {Dec},
  publisher = {American Physical Society},
  doi = {10.1103/PhysRevLett.35.1489},
  url = {https://link.aps.org/doi/10.1103/PhysRevLett.35.1489}
}


@article{Challinor2012,
author = {A. Challinor},
title = {CMB anisotropy science: a review},
archivePrefix = {arXiv},
eprint = {1210.6008},
doi = {10.1017/S1743921312016663},
primaryClass = {astro-ph.CO}
}

@article{DarkEnergy2015,
author = {{B. Novosyadlyj, V. Pelykh, Yu. Shtanov, A. Zhuk}},
title = {{Dark Energy: Observational Evidence and Theoretical Models}},
archivePrefix = {arXiv},
eprint = {1502.04177},
ISBN = {978-966-360-239-4},
primaryClass = {astro-ph.CO}
}

@article{Martin1997,
author = {{ S. P. Martin}},
title = {{A Supersymmetry Primer}},
doi={http://dx.doi.org/10.1142/9789812839657_0001},
archivePrefix={arXiv},
eprint = {hep-ph/9709356}
}


@article{Ellis2010,
author = {{John Ellis and Keith A. Olive}},
title = {Supersymmetric Dark Matter Candidates},
eprint = {1001.3651},
archivePrefix = {arXiv},
primaryClass={hep-ph},
reportNumber = {CERN-PH-TH/2010-004}
}

%@article{Bertone2005,
author = {{Gianfranco Bertone, David Merritt}},
title = {Dark Matter Dynamics and Indirect Detection},
journal = {Mod. Phys. Lett},
volume = {A20},
doi = {10.1142/S0217732305017391},
eprint = {0504422},
archivePrefix = {arXiv},
primaryClass={astro-ph},
reportNumber = {CERN-PH-TH/2010-004}
}

@article{Dine1981,
author = {{M. Dine, W. Fischler, and M. Srednicki}},
title = {{Supersymmetric Technicolor}},
journal = {Nucl. Phys},
volume = {B187},
year = {1981},
doi = {10.1016/0550-3213(81)90582-4}
}

@article{Hall1983,
author = {{L. J. Hall, J. D. Lykken and S. Weinberg}},
title = {{Supergravity as the Messenger of Supersymmetry Breaking}},
journal = {Phys. Rev.},
volume = {D27},
year = {1983},
pages = {2359-2378},
doi = {10.1103/PhysRevD.27.2359}
}

@article{Randall1999,
author = {{L. Randall and R. Sundrum}},
title = {{A Large mass hierarchy from a small extra dimension}},
journal = {Phys. Rev. Lett.},
volume = {83},
year = {1999},
pages = {3370-3373},
doi = {10.1103/PhysRevLett.83.3370},
eprint = {9905221},
archivePrefix = {arXiv},
primaryClass = {hep-ph}
}

@article{Sundrum1999,
author = {{L. Randall and R. Sundrum}},
title = {{Out of this world supersymmetry breaking}},
journal = {Nucl. Phys.},
volume = {B557},
year = {1999},
doi = {10.1016/S0550-3213(99)00359-4},
eprint = {hep-th/9810155},
archivePrefix = {arXiv},
primaryClass = {hep-th}
}

@Article{Hall2012,
author="Hall, Lawrence J.
and Pinner, David
and Ruderman, Joshua T.",
title="A natural SUSY Higgs near 125 GeV",
journal="Journal of High Energy Physics",
year="2012",
volume="2012",
number="4",
pages="1--25",
abstract="The naturalness of a Higgs boson with a mass near 125 GeV is explored in a variety of weak-scale supersymmetric models. A Higgs mass of this size strongly points towards a non-minimal implementation of supersymmetry. The Minimal Supersymmetric Standard Model now requires large A-terms to avoid multi-TeV stops. The fine-tuning is at least 1 {\%} for low messenger scales, and an order of magnitude worse for high messenger scales. Naturalness is significantly improved in theories with a singlet superfield S coupled to the Higgs superfields via $\lambda$SH                        u                        H                        d. If $\lambda$ is perturbative up to unified scales, a fine-tuning of about 10 {\%} is possible with a low mediation scale. Larger values of $\lambda$, implying new strong interactions below unified scales, allow for a highly natural 125 GeV Higgs boson over a wide range of parameters. Even for $\lambda$ as large as 2, where a heavier Higgs might be expected, a light Higgs boson naturally results from singlet-doublet scalar mixing. Although the Higgs is light, naturalness allows for stops as heavy as 1.5 TeV and a gluino as heavy as 3 TeV. Non-decoupling effects among the Higgs doublets can significantly suppress the coupling of the light Higgs to b quarks in theories with a large $\lambda$, enhancing the $\gamma$$\gamma$ and W W signal rates at the LHC by an order one factor relative to the Standard Model Higgs.",
issn="1029-8479",
doi="10.1007/JHEP04(2012)131",
url="http://dx.doi.org/10.1007/JHEP04(2012)131"
}

@book{lederman2004symmetry,
	title={Symmetry and the Beautiful Universe},
	author={Lederman, L.M. and Hill, C.T.},
	isbn={9781591022428},
	lccn={2004008558},
	url={https://books.google.co.uk/books?id=X2QPAQAAMAAJ},
	year={2004},
	publisher={Prometheus Books}
}


@article{Casas2013,
author = {{J. A. Casas, et. al}},
title = {{What is a Natural SUSY Scenario}},
year = {2014},
doi = {10.1007/JHEP06(2015)070},
archivePrefix = {arXiv},
primaryClass = {hep-ph},
eprint= {1407.6966}
}
@article{Papucci2011,
author = {{M. Papucci, et. al}},
title = {{Natural SUSY Endures}},
year = {2011},
doi = {10.1007/JHEP09(2012)035},
eprint = {1110.6926},
reportNumber = {DESY-11-193},
archivePrefix = {arXiv},
primaryClass = {hep-ph}
}
@article{ATLASSqgl2013,
author = {{The ATLAS Collaboration}},
title = {Search for squarks and gluinos with the ATLAS detector in final states with jets and missing transverse momentum and 20.3 fb$^{-1}$ of $\sqrt{s}$ = 8 TeV proton-proton collisions},
year = {2013},
url = {https://cds.cern.ch/record/1547563},
reportNumber = {ATLAS-CONF-2013-047}
}
@article{Alwall2009,
author = {{Johan Alwall, Philip C. Schuster and Natalia Toro}},
title = {{Simplified models for a first characterization of new physics at the LHC}},
journal = {Phys. Rev. D},
volume = {D79},
year = {2009},
doi = {10.1103/PhysRevD.79.075020}
}

@misc{SleptonDiagram,
url ={https://atlas.web.cern.ch/Atlas/GROUPS/PHYSICS/SUSY/FeynmanGraphs/C1N2-lllvN1N1-slsl.png}
}

@misc{WZDiagram,
url = {https://atlas.web.cern.ch/Atlas/GROUPS/PHYSICS/SUSY/FeynmanGraphs/C1N2-lllvN1N1-WZ.png}
}

@misc{WZISRDiagram,
url = {https://atlas.web.cern.ch/Atlas/GROUPS/PHYSICS/SUSY/FeynmanGraphs/C1N2-lllvN1N1g-WZ.png}
}


@article{Hinshaw2012,
author = {{G. Hinshaw, et. al}},
title = {Nine-Year Wilkinson Microwave Anisotropy Probe (WMAP) Observations: Cosmological Parameter Results},
year = {2012},
doi = {10.1088/0067-0049/208/2/19},
eprint = {1212.5226},
archivePrefix = {arXiv},
primaryClass={astro-ph.CO}
}
@article{Schwaller2013,
author = {{P. Schwaller, J. Zurita}},
title = {Compressed electroweakino spectra at the LHC},
year = 2013,
doi = {10.1007/JHEP03(2014)060},
archivePrefix = "arXiv",
primaryClass = "hep-ph",
eprint = "1312.7350",
reportNumber = "CERN-PH-TH/2013-319"
}

@article{Gori2013,
author = {{S. Gori, S. Jung, L. Wang}},
title = {Cornering electroweakinos at the LHC},
year = 2013,
doi = {10.1007/JHEP10(2013)191},
archivePrefix = "arXiv",
primaryClass = "hep-ph",
eprint = "1307.5952",
reportNumber = "ANL-HEP-PR-13-35"
}

@article{Barr2015,
author = {{A. Barr, J. Scoville}},
title = {A boost for the EW SUSY hunt: monojet-like search for compressed sleptons at LHC14 with 100fb$^{-1}$},
year = 2015,
doi = {10.1007/JHEP04(2015)147},
archivePrefix = "arXiv",
primaryClass = "hep-ph",
eprint = "1501.02511"
}



@article{Planck2013,
author = {{Planck Collaboration}},
title = {Planck 2013 results. XVI. Cosmological parameters},
journal={A\&A 571},
volume = {A16},
year = {2014},
doi = {10.1051/0004-6361/201321591},
eprint = {1303.5076},
archivePrefix = {arXiv},
}


@article{Baer1997,
author = {{H. Baer, et. al}},
title = {{Collider Phenomenology For Supersymmetry with Large tan$\beta$}},
year = {1997},
doi = {10.1103/PhysRevLett.79.986},
archivePrefix = {arXiv},
primaryClass = {hep-ph},
}


@article{LEPDesignReport,
author = {{CERN. Geneva}},
title = {{LEP Design Report}},
reportNumber = {CERN-LEP-84-01},
url = {https://cds.cern.ch/record/102083}
}

@article{Muller2010,
author = {{Berndt Muller, Jurgen Schukraft, Bolek Wyslouch}},
title = {{First Results from Pb+Pb collisions at the LHC}},
reportNumber = {CERN-OPEN-2012-005},
doi = {10.1146/annurev-nucl-102711-094910},
archivePrefix = {arXiv},
primaryClass = {hep-ex},
eprint = {1202.3233}
}

@article{Lefevre2008,
author = {Lef\`{e}vre, Christiane},
title = {{The CERN accelerator complex}},
url = {http://cds.cern.ch/record/1260465},
month = dec,
year = {2008}
}


@article{CMSJINST,
author = {{CMS Collaboration}},
title = {The CMS experiment at the CERN LHC},
journal = {Journal of Instrumentation},
volume = {3},
number = {08},
pages = {S08004},
url = {http://stacks.iop.org/1748-0221/3/i=08/a=S08004},
year = {2008}
}

@article{LHCb2008,
collaboration = {{LHCb}},
title = {{The LHCb Detector at the LHC}},
journal = {JINST},
year = {2008},
doi = {10.1088/1748-0221/3/08/S08005}
}

@article{ALICEJINST,
author = {{ALICE Collaboration}},
title = {The ALICE experiment at the CERN LHC},
journal = {Journal of Instrumentation},
volume = {3},
number = {08},
pages = {S08002},
url = {http://stacks.iop.org/1748-0221/3/i=08/a=S08002},
year = {2008}
}


@article{ATLASInDet,
author = {{The ATLAS Collaboration}},
title = {The ATLAS Inner Detector commissioning and calibration},
journal = {Eur. Phys. J},
volume = {C70},
doi = {10.1140/epjc/s10052-010-1366-7},
archivePrefix = {arXiv},
eprint = {1004.5293}
}

@article{ATLASInDetRunII,
	author={{The ATLAS Collaboration}},
	title={Alignment of the ATLAS Inner Detector Upgraded for the LHC Run II},
	journal={Journal of Physics: Conference Series},
	volume={664},
	number={7},
	pages={072025},
	url={http://stacks.iop.org/1742-6596/664/i=7/a=072025},
	year={2015},
}
	

@article{ATLASLAR,
author = {{The ATLAS Collaboration}},
title = {ATLAS liquid-argon calorimeter: Technical Design Report},
reportNumber = {ATLAS-TDR-2},
url = {https://cds.cern.ch/record/331061}
}

		
@article{TRT2012,
	author={Ahmet Bingül},
	title={The ATLAS TRT and its Performance at LHC},
	journal={Journal of Physics: Conference Series},
	volume={347},
	number={1},
	pages={012025},
	url={http://iopscience.iop.org/article/10.1088/1742-6596/347/1/012025/meta},
	year={2012},
	abstract={The ATLAS Transition Radiation Tracker (TRT) is the outermost of the three subsystems of the ATLAS Inner Detector at the Large Hadron Collider at CERN. It consists of almost 300000 thin-wall drift tubes (straws) providing on average 30 two-dimensional space points with 0.12-0.15 mm resolution for charged particle tracks with | η | 0.5 GeV/c. Along with continuous tracking, it provides particle identification capability through the detection of transition radiation X-ray photons generated by high velocity particles in the many polymer fibers or films that fill the spaces between the straws. Custom-built analog and digital electronics is optimized to operate as luminosity increases to the LHC design. In this talk, a review of the commissioning and first and current operational experience of the TRT detector and its performance at LHC will be presented. Emphasis will be given to performance studies based on the reconstruction and analysis of LHC collisions. A comparison of the TRT response and the particle identification in pp and Pb-Pb collisions will be presented. The results are also compared with the expected performance.}
}
	
@article{ATLASTDAQSystem,
			author         = "Aad, Georges and others",
			title          = "{Technical Design Report for the Phase-I Upgrade of the
												ATLAS TDAQ System}",
			collaboration  = "ATLAS",
			year           = "2013",
			reportNumber   = "CERN-LHCC-2013-018, ATLAS-TDR-023",
			SLACcitation   = "%%CITATION = CERN-LHCC-2013-018;%%"
}

@article{MSTDR,
author = {{The ATLAS Collaboration}},
title = {ATLAS muon spectrometer: Technical design report},
url = {https://cds.cern.ch/record/331068}
}

@article{IBLTDR,
author = {{The ATLAS Collaboration}},
title = {ATLAS Insertable B-Layer Technical Design Report},
reportNumber = {CERN-LHCC-2010-013},
url = {https://cds.cern.ch/record/1291633}
}


@article{ATLASTracking,
author = {A. Salzburger, S. Todorova and M. Wolter},
title = {The ATLAS Tracking Geometry Description},
reportNumber = {ATLAS-SOFT-PUB-2007-004},
url = {https://cds.cern.ch/record/1038098}
}

@article{FTKTDR,
author = {{The ATLAS Collaboration}},
title = {Fast TracKer (FTK) Technical Design Report},
reportNumber = {CERN-LHCC-2013-007},
url = {https://cds.cern.ch/record/1552953}
}

@article{ATLASTrigger2015,
			author         = {{The ATLAS Collaboration}},
			title          = "{Performance of the ATLAS Trigger System in 2015}",
			journal        = "Eur. Phys. J.",
			volume         = "C77",
			year           = "2017",
			eprint         = "1611.09661",
			archivePrefix  = "arXiv",
			primaryClass   = "hep-ex",
			reportNumber   = "CERN-EP-2016-241"
}

@techreport{ATLAS-CONF-2010-069,
			title         = "{Performance of primary vertex reconstruction in proton-proton collisions at $\sqrt{s}=$7 TeV in the ATLAS experiment}",
			institution   = "CERN",
			author        = "{{The ATLAS Collaboration}}",
			address       = "Geneva",
			number        = "ATLAS-CONF-2010-069",
			month         = "Jul",
			year          = "2010",
			reportNumber  = "ATLAS-CONF-2010-069",
			url           = "http://cds.cern.ch/record/1281344",
}

@article{Aad:2014nim,
			title          = "{Electron and photon energy calibration with the ATLAS detector using LHC Run 1 data}",
			author        = "{{The ATLAS Collaboration}}",
			journal        = "Eur. Phys. J.",
			volume         = "C74",
			year           = "2014",
			number         = "10",
			pages          = "3071",
			doi            = "10.1140/epjc/s10052-014-3071-4",
			eprint         = "1407.5063",
			archivePrefix  = "arXiv",
			primaryClass   = "hep-ex",
			reportNumber   = "CERN-PH-EP-2014-153",
			SLACcitation   = "%%CITATION = ARXIV:1407.5063;%%"
}

@techreport{ATL-PHYS-PUB-2016-015,
			title         = "{Electron and photon energy calibration with the ATLAS detector using data collected in 2015 at $\sqrt{s} = 13 \mathrm{\ Te\kern -0.1em V}$}",
			institution   = "CERN",
			author        = "{{The ATLAS Collaboration}}",
			address       = "Geneva",
			number        = "ATL-PHYS-PUB-2016-015",
			month         = "Aug",
			year          = "2016",
			reportNumber  = "ATL-PHYS-PUB-2016-015",
			url           = "https://cds.cern.ch/record/2203514",
}

@techreport{ATL-PHYS-PUB-2015-026,
			title         = "{Vertex Reconstruction Performance of the ATLAS Detector
											 at "$\sqrt{s} = 13~\textrm{TeV}$"}",
			institution   = "CERN",
			address       = "Geneva",
			number        = "ATL-PHYS-PUB-2015-026",
			month         = "Jul",
			year          = "2015",
			reportNumber  = "ATL-PHYS-PUB-2015-026",
			url           = "https://cds.cern.ch/record/2037717",
}

@article{Fruhwirth:2007hz,
			author         = "Fruhwirth, R. and Waltenberger, W. and Vanlaer, P.",
			title          = "{Adaptive vertex fitting}",
			journal        = "J. Phys.",
			volume         = "G34",
			year           = "2007",
			pages          = "N343",
			doi            = "10.1088/0954-3899/34/12/N01",
			reportNumber   = "CERN-CMS-NOTE-2007-008, CMS-NOTE-2007-008",
			SLACcitation   = "%%CITATION = JPAGA,G34,N343;%%"
}

@article{ATLASTrigger2010,
author = {{The ATLAS Collaboration}},
title = {Performance of the ATLAS Trigger System in 2010},
journal = {Eur. Phys. J},
volume = {C72},
year = {2012},
archivePrefix = {arXiv},
eprint = {1110.1530},
reportNumber = {CERN-PH-EP-2011-078},
primaryClass = {hep-ex}
}

@article{ATLASL1Topo,
author = {Eduard Simoni},
title = {The Topological Processor for the future ATLAS Level-1 Trigger: from design to commissioning},
archivePrefix = {arXiv},
eprint = {1406.4316},
reportNumber = {ATL-COM-DAQ-2014-019}
}

@article{ATLASTriggerRun2,
author = {Patrick Czodrowski},
title = {The ATLAS Trigger System: Ready for Run II},
url = {https://cds.cern.ch/record/2039543},
reportNumber = {ATL-DAQ-SLIDE-2015-412}
}

@article{ATLAS:2016iqc,
			author         = "{{The ATLAS collaboration}}",
			title          = "{Electron efficiency measurements with the ATLAS detector using the 2015 LHC proton-proton collision data}",
			year           = "2016",
			reportNumber   = "ATLAS-CONF-2016-024",
			SLACcitation   = "%%CITATION = ATLAS-CONF-2016-024;%%"
}

@article{ATLASEgamma2014,
author = {{The ATLAS Collaboration}},
year = {2014},
title = {{Electron Efficiency measurements with the ATLAS detector using the 2012 LHC proton-proton collision data}},
url = {http://cds.cern.ch/record/1706245},
publisher = {CERN}
}

@article{GrotheHLT,
author = {{Monika Grothe (on behalf of the ATLAS High Level Trigger Group)}},
title = {{Architecture of the ATLAS High Level Trigger Event Selection Software}},
doi = {10.1016/j.nima.2003.11.079},
archivePrefix = {arXiv},
eprint = {physics/0306097},
primaryClass = {physics.comp-ph},
reportNumber = {ATL-COM-DAQ-2003-016}
}

@article{Lampl2008, 
author = {{W. Lampl, et al.}},
year = {2008},
title = {{Calorimeter Clustering Algorithms: Description and Performance}},
url = {http://cds.cern.ch/record/1099735},
publisher = {CERN}
}

@article{Cornelissen2007,
author = {{T. Cornelissen, et al.}},
year = {2007},
title = {{Concepts, design and implementation of the ATLAS new tracking (NEWT)}},
url = {http://cds.cern.ch/record/10201006},
publisher = {CERN}
}

@article{Cornelissen2008,
author = {{T. Cornelissen, et al.}},
year = {2008},
title = {{The global $\chi^{2}$ track fitter in ATLAS}},
journal = {J. Phys. Conf. Ser.},
volume = {119},
number = {0322013}
}

@article{ATLASGSF2012,
author = {{The ATLAS Collaboration}},
year = {2012},
title = {{Improved electron reconstruction in ATLAS using the Gaussian Sum Filter-based model for bremsstrahlung}},
url = {https://cds.cern.ch/record/1449796},
publisher = {CERN}
}

@article{TMVA2007,
author = {{A. Hoecker, P. Speckmayer, J. Stelzer, J. Therhaag, E. Von Toerne and H. Voss}},
title = {{TMVA: Toolkit for Multivariate Data Analysis}},
journal = {PoS ACAT},
volume = {040},
year = {2007},
archivePrefix = {arXiv:physics},
arxivId = {0703039},
url = {arXiv:physics/0703039} 
}

@article{ATLASElectronPerf2011,
author = {{The ATLAS Collaboration}},
year = {2011},
title = {{Expected electron performance in the ATLAS experiment}},
url = {http://cds.cern.ch/record/1345327},
publisher = {CERN}
}

@article{EleReco2011,
author = {{The ATLAS Collaboration}},
title = {Electron reconstruction and identification efficiency measurements with the ATLAS detector using the 2011 LHC proton-proton collision data},
journal = {Eur. Phys. J.},
year = {2014},
volume = {74},
number = {7},
doi = {10.1140/epjc/s10052-014-2941-0},
archivePrefix={arXiv},
eprint = {1404.2240},
primaryClass = {hep-ex}
}


@article{ATLASElectronPerf2010data,
author = {{The ATLAS Collaboration}},
title = {{Electron performance measurements with the ATLAS detector using the 2010 LHC proton-proton collision data}},
journal = {Eur. Phys. J.},
volume = {C72},
year = {2012},
archivePrefix = {arXiv},
arxivId = {1110.3174},
url = {http://arxiv.org/abs/1110.3174},
doi = {10.1140/epjc/s10052-012-1909-1}
}

@article{ATLASRun2Trigger,
author = {{J. Reichert, on behalf of the ATLAS Collaboration}},
title = {{The Upgrade and Performance of the ATLAS Electron and Photon Triggers Towards Run 2}},
year = {2015},
url = {https://cds.cern.ch/record/2058100},
publisher = {CERN}
}

@article{TDR2005,
author = {{The ATLAS Collaboration}},
title = {{ATLAS Computing : technical design report}},
year = {2005},
url = {https://cds.cern.ch/record/837738},
reportNumber = {ATLAS-TDR-17}
}

@article{Gaudi2000,
author = {{G. Barrand, et. al}},
title = {{GAUDI - A software architecture and framework for building HEP data processing applications}}, 
year = {2000},
url = {http://dx.doi.org/10.1016/S0010-4655(01)00254-5}
}


@article{Butterworth2012,
author = {{J. M. Butterworth, et. al}},
title = {{Hard Processes in Proton-Proton Collisions at the Large Hadron Collider}},
journal = {Annual Review of Nuclear and Particle Science},
volume = {62},
year = {2012},
doi = {10.1146/annurev-nucl-102711-094913}
}

@article{Berg2004,
author = {{Bernd A. Berg}},
title = {{Introduction to Markov Chain Monte Carlo Simulations and their Statistical Analysis}},
archivePrefix = {arXiv},
eprint = {cond-mat/0410490},
primaryClass = {cond-mat}
}

@article{QCD2001,
author = {{S. Catani, F. Krauss, R. Kuhn and B. Webber}},
title = {{QCD Matrix Elements + Parton Showers}},
journal = {JHEP 0111},
year = {2001},
archivePrefix = {arXiv},
eprint = {hep-ph/0109231},
primaryClass = {hep-ph},
doi = {10.1088/1126-6708/2001/11/063},
reportNumber = {CERN-TH/2000-367}
}

@article{ME2001,
author = {{M. L. Mangano, M. Moretti and R. Pittau}},
title = {{Multijet Matrix Elements and Shower Evolution in Hadronic Collisions: Wb$\bar{b}$ + n Jets as a Case Study}},
journal = {Nucl.Phys},
volume = {B632},
year = {2001},
archivePrefix = {arXiv},
eprint = {0108069},
primaryClass = {hep-ph},
doi = {10.1016/S0550-3213(02)00249-3},
reportNumber = {CERN-TH/2001-215}
}

@article{LundModel2002,
author = {{B. Andersson, S. Mohanty and F. Soderberg}},
title = {{Recent Developments in the Lund Model}},
year = {2002},
archivePrefix = {arXiv},
eprint = {hep-ph/0212122},
primaryClass = {hep-ph},
}

@article{ClusterHerwig1999,
author = {{A. Kupco }},
title = {{Cluster Hadronization in HERWIG 5.9}},
year = {1999},
archivePrefix = {arXiv},
eprint = {hep-ph/9906412},
primaryClass = {hep-ph},
}

@article{Gribov:1972ri,
			author         = "Gribov, V. N. and Lipatov, L. N.",
			title          = "{Deep inelastic e p scattering in perturbation theory}",
			journal        = "Sov. J. Nucl. Phys.",
			volume         = "15",
			year           = "1972",
			pages          = "438-450",
			note           = "[Yad. Fiz.15,781(1972)]",
			reportNumber   = "IPTI-381-71",
			SLACcitation   = "%%CITATION = SJNCA,15,438;%%"
}

@article{Botts:1992yi,
      author         = "Botts, James and Morfin, Jorge G. and Owens, Joseph F.
                        and Qiu, Jian-wei and Tung, Wu-Ki and Weerts, Harry",
      title          = "{CTEQ parton distributions and flavor dependence of sea
                        quarks}",
      collaboration  = "CTEQ",
      journal        = "Phys. Lett.",
      volume         = "B304",
      year           = "1993",
      pages          = "159-166",
      doi            = "10.1016/0370-2693(93)91416-K",
      eprint         = "hep-ph/9303255",
      archivePrefix  = "arXiv",
      primaryClass   = "hep-ph",
      reportNumber   = "MSUHEP-92-27, FERMILAB-PUB-92-371, FSU-HEP-92-1225,
                        ISU-NP-92-17",
      SLACcitation   = "%%CITATION = HEP-PH/9303255;%%"
}

@article{Aaron:2009aa,
			author         = "Aaron, F. D. and others",
			title          = "{Combined Measurement and QCD Analysis of the Inclusive
												ep Scattering Cross Sections at HERA}",
			collaboration  = "ZEUS, H1",
			journal        = "JHEP",
			volume         = "01",
			year           = "2010",
			pages          = "109",
			doi            = "10.1007/JHEP01(2010)109",
			eprint         = "0911.0884",
			archivePrefix  = "arXiv",
			primaryClass   = "hep-ex",
			reportNumber   = "DESY-09-158",
			SLACcitation   = "%%CITATION = ARXIV:0911.0884;%%"
}

@article{Altarelli:1977zs,
			author         = "Altarelli, Guido and Parisi, G.",
			title          = "{Asymptotic Freedom in Parton Language}",
			journal        = "Nucl. Phys.",
			volume         = "B126",
			year           = "1977",
			pages          = "298-318",
			doi            = "10.1016/0550-3213(77)90384-4",
			reportNumber   = "LPTENS-77-6",
			SLACcitation   = "%%CITATION = NUPHA,B126,298;%%"
}

@article{Campbell2007,
author = {{J. M. Campbell, J. Houston and W. Stirling}},
title = {{Hard Interactions of Quarks and Gluons: A Primer of LHC Physics}},
journal = {{Rept. Prog. Phys}},
volume = {70},
number = {1},
year = {2007},
doi = {10.1088/0034-4885/70/1/R02}
}

@article{EvtGen2011,
author = {{A. Buckley, J. Butterworth, S. Gieseke, D. Grellscheid, S. Hoche, et al.}},
title = {{General-purpose event generators for LHC physics}},
journal = {Phys.Rept.},
volume = {504},
year = {2011},
url = {http://arXiv.org/abs/1101.2599},
primaryClass = {hep-ph}
}

@article{Factorisation2010,
author = {{I. W. Stewart, F. J. Tackmann and W. J. Waalewijn}},
title = {{Factorization at the LHC: From PDFs to Initial State Jets}},
journal = {Phys.Rev.},
volume = {D81},
year = {2010},
archivePrefix = {arXiv},
arxivId = {0910.0467},
url = {http://arXiv.org/abs/0910.0467},
primaryClass = {hep-ph}
}

@article{DGLAP2008,
author = {{A. D. Martin}},
title = {{Proton structure, Partons, QCD, DGLAP and beyond}},
journal = {Acta Phys. Polon.},
volume = {B39},
year = {2008},
archivePrefix = {arXiv},
arxivId = {0802.0161},
url = {http://arXiv.org/abs/0802.0161},
primaryClass = {hep-ph}
}
@article{Herwig2001,
author = {{G. Corcella, et al.}},
title = {{HERWIG 6: an event generator of hadron emission reactions with interfering gluons (including supersymmetric processes)}},
journal = {J. High Energy Phys.},
volume = {JHEP(2001)},
year = {2001},
url = {http://iopscience.iop.org/article/10.1088/1126-6708/2001/01/010/meta}
}
@article{Herwigpp2001,
author = {{M. Bahr, S. Gieseke, M. Gigg, D. Grellscheid, K. Hamilton, et al.}},
title = {{Herwigg++ Physics and Manual}},
journal = {Eur.Phys.J},
volume = {C58},
year = {2008},
doi = {10.1140/epjc/s10052-008-0798-9}
}


@article{Sherpa2009,
author = {{T. Gleisberg, et al.}},
title = {{Event generation with SHERPA 1.1}},
journal = {J. High Energy Phys.},
volume = {JHEP(2009)},
year = {2009},
url = {http://iopscience.iop.org/article/10.1088/1126-6708/2009/02/007/meta},
primaryClass = {hep-ph}
}

@article{Diboson13TeV,
author = {{The ATLAS Collaboration}},
title = {Multi-Boson Simulation for 13 TeV ATLAS Analyses},
url = {https://cds.cern.ch/record/2119986},
reportNumber = {ATLAS-PHYS-PUB-2016-002}
}

@article{ttV13TeV,
author = {{The ATLAS Collaboration}},
title = {Modelling of the $t\bar{t}H$ and $t\bar{t}V$ (V = W,Z) processes for $\sqrt{s}$ = 13 TeV ATLAS analyses},
url = {https://cds.cern.ch/record/2120826},
reportNumber = {ATLAS-PHYS-PUB-2016-005}
}

@article{Top13TeV,
author={{The ATLAS Collaboration}},
title = {Simulation of top quark production for the ATLAS experiment at $\sqrt{s}$ = 13 TeV},
url = {https://cds.cern.ch/record/2120417},
reportNumber = {ATLAS-PHYS-PUB-2016-004}
}
@article{Zjets13TeV,
author = {{The ATLAS Collaboration}},
title = {Monte Carlo Generators for the Production of a $W$ or $Z/\gamma^{*}$ Boson in Association with Jets at ATLAS in Run 2},
url = {https://cds.cern.ch/record/2120133},
reportNumber = {ATLAS-PHYS-PUB-2016-003}
}

@article{Higgs13TeV,
author = {{The ATLAS Collaboration}},
title = {Studies of Monte Carlo generators in Higgs boson production for ATLAS Run 2},
url = {https://cds.cern.ch/record/1978192},
reportNumber = {ATLAS-PHYS-PUB-2014-022}
}

@article{Pythia2006,
	author={{Torbjörn Sjöstrand and Stephen Mrenna and Peter Skands}},
	title={PYTHIA 6.4 physics and manual},
	journal={Journal of High Energy Physics},
	volume={2006},
	number={05},
	pages={026},
	url={http://stacks.iop.org/1126-6708/2006/i=05/a=026},
	year={2006},
	}

@article{Field2008,
author = {{R. D. Field}},
title = {{The Underlying Event in Hard Scattering Processes}},
year = {2002},
archivePrefix = {arXiv},
eprint = {hep-ph/0201192},
primaryClass = {hep-ph}
}

@article{Butterworth1996,
author = {{J. M. Butterworth, J. R. Forshaw, M. H. Seymour}},
journal = {Z. Phys. C},
volume = {72},
year = {1996},
url = {http://arxiv.org/abs/hep-ph/9601371},
primaryClass = {hep-ph}
}

@article{Geant42003,
author = {{GEANT4 Collaboration}},
title = {{Geant4 a simulation toolkit}},
journal = {Nucl. Instrum. Meth. A},
volume = {506},
year = {2003},
doi = {10.1016/S0168-9002(03)01368-8}
}


@article{Lukas2012,
author = {{W. Lukas}},
title = {{Fast Simulation for ATLAS: Atlfast-II and ISF}},
journal = {J. Phys.: Conf. Ser},
doi = {10.1016/S0168-9002(03)01368-8},
volume = {396},
number = {022031},
year = {2012},
}

@article{FastCaloSim2010,
author = {{The ATLAS Collaboration}},
title = {{The simulation principle and performance of the ATLAS fast calorimeter simulation FastCaloSim}},
url = {https://cds.cern.ch/record/1300517}
}

@article{LHCMachine,
author = {Lyndon Evans and Philip Bryant},
title = {LHC Machine},
journal = {JINST},
volume = {3},
year = {2008},
doi = {10.1088/1748-0221/3/08/S08001}
}

@article{DOBBS200141,
title = "The HepMC C++ Monte Carlo event record for High Energy Physics",
journal = "Computer Physics Communications",
volume = "134",
number = "1",
pages = "41 - 46",
year = "2001",
issn = "0010-4655",
doi = "https://doi.org/10.1016/S0010-4655(00)00189-2",
url = "http://www.sciencedirect.com/science/article/pii/S0010465500001892",
author = "Matt Dobbs and Jørgen Beck Hansen",
keywords = "Event record, High Energy Physics, C++"
}

@article{PhysRev.179.1547,
	title = {Asymptotic Sum Rules at Infinite Momentum},
	author = {Bjorken, J. D.},
	journal = {Phys. Rev.},
	volume = {179},
	issue = {5},
	pages = {1547--1553},
	numpages = {0},
	year = {1969},
	month = {Mar},
	publisher = {American Physical Society},
	doi = {10.1103/PhysRev.179.1547},
	url = {https://link.aps.org/doi/10.1103/PhysRev.179.1547}
}

@article{Yan:2014kna,
			author         = "Yan, Tung-Mow and Drell, Sidney D.",
			title          = "{The Parton Model and its Applications}",
			journal        = "Int. J. Mod. Phys.",
			volume         = "A29",
			year           = "2014",
			pages          = "0071",
			doi            = "10.1142/S0217751X14300713",
			eprint         = "1409.0051",
			archivePrefix  = "arXiv",
			primaryClass   = "hep-ph",
			SLACcitation   = "%%CITATION = ARXIV:1409.0051;%%"
}

@article{PhysRevLett.23.1415,
	title = {Very High-Energy Collisions of Hadrons},
	author = {Feynman, Richard P.},
	journal = {Phys. Rev. Lett.},
	volume = {23},
	issue = {24},
	pages = {1415--1417},
	numpages = {0},
	year = {1969},
	month = {Dec},
	publisher = {American Physical Society},
	doi = {10.1103/PhysRevLett.23.1415},
	url = {https://link.aps.org/doi/10.1103/PhysRevLett.23.1415}
}

@article{Buckley:2011ms,
			author         = "Buckley, Andy and others",
			title          = "{General-purpose event generators for LHC physics}",
			journal        = "Phys. Rept.",
			volume         = "504",
			year           = "2011",
			pages          = "145-233",
			doi            = "10.1016/j.physrep.2011.03.005",
			eprint         = "1101.2599",
			archivePrefix  = "arXiv",
			primaryClass   = "hep-ph",
			reportNumber   = "CAVENDISH-HEP-10-21, CERN-PH-TH-2010-298, DCPT-10-202,
												HD-THEP-10-24, IPPP-10-101, KA-TP-40-2010, LU-TP-10-28,
												MAN-HEP-2010-23, MCNET-11-01, SLAC-PUB-14333,
												--HD-THEP-10-24, --MCNET-11-01",
			SLACcitation   = "%%CITATION = ARXIV:1101.2599;%%"
}

@article{ATLASLumi2011,
author = {{The ATLAS Collaboration}},
title = {Luminosity Determination in pp Collisions at $\sqrt{s}$ = 7 TeV Using the ATLAS Detector at the LHC},
journal = {Eur. Phys. J},
volume = {C71},
year = {2011},
archivePrefix = {arXiv},
eprint = {1101.2185},
primaryClass = {hep-ex},
doi = {10.1140/epjc/s10052-011-1630-5}
}

@article{Kalman1987,
author = {{R. Fr$\ddot{\text{u}}$hwirth}},
title = {{Application of Kalman filtering to track and vertex filtering}},
journal = {Nucl.Instrum.Meth.},
volume = {A262},
year = {1987},
doi = {10.1016/0168-9002(87)90887-4}
}

@article{Muonboy2010,
author = {{R. Nicolaidou, L. Chevalier, S. Hassani, J. F. Laporte, E. L. Menedeu, and A. Ouraou}},
title = {{Muon identification procedure for the ATLAS detector at the LHC using Muonboy reconstruction package and tests of its performance using cosmic rays and single beam data}},
journal={Journal of Physics: Conference Series},
volume={219},
number={3},
pages={032052},
url={http://stacks.iop.org/1742-6596/219/i=3/a=032052},
year={2010},
}

@article{ATLASMuon2014,
author = {{The ATLAS Collaboration}},
title = {{Measurement of the muon reconstruction performance of the ATLAS detector using 2011 and 2012 LHC proton-proton collision data}},
journal = {Eur. Phys. J. C},
volume = {74},
doi = {10.1140/epjc/s10052-014-3130-x},
year = {2014}
}

@article{ATLASJetReco2010,
author = {{The ATLAS Collaboration}},
title = {{Properties of Jets and Inputs to Jet Reconstruction and Calibration with the ATLAS Detector Using Proton-Proton Collisions at $\sqrt{s}$ = 7 TeV}},
year = {2010},
url ={http://cds.cern.ch/record/1281310/files/ATLAS-CONF-2010-053.pdf}
}

@article{LamplAlgo2008,
author = {{W. Lampl, et al.}},
title = {{Calorimeter Clustering Algorithms: Description and Performance}},
year = {2008},
url = {https://cds.cern.ch/record/1099735},
}

@techreport{ATLAS-CONF-2015-017,
			author         = "{{The ATLAS collaboration}}", 
			title         = "{Data-driven determination of the energy scale and
											 resolution of jets reconstructed in the ATLAS calorimeters
											 using dijet and multijet events at $\sqrt{s\ }=8~TeV$}",
			institution   = "CERN",
			address       = "Geneva",
			number        = "ATLAS-CONF-2015-017",
			month         = "Apr",
			year          = "2015",
			reportNumber  = "ATLAS-CONF-2015-017",
			url           = "https://cds.cern.ch/record/2008678",
}

@article{ATLAS:2015oia,
			author         = "{{The ATLAS collaboration}}",
			title          = "{Jet global sequential corrections with the ATLAS detector in proton-proton collisions at sqrt(s) = 8 TeV}",
			year           = "2015",
			reportNumber   = "ATLAS-CONF-2015-002",
			SLACcitation   = "%%CITATION = ATLAS-CONF-2015-002;%%"
}

@article{TheATLAScollaboration:2013pia,
			author         = "{{The ATLAS collaboration}}",
			title          = "{Pile-up subtraction and suppression for jets in ATLAS}",
			year           = "2013",
			reportNumber   = "ATLAS-CONF-2013-083",
			SLACcitation   = "%%CITATION = ATLAS-CONF-2013-083;%%"
}

@article{Aad:2016upy,
			author         = "{{THe ATLAS Collaboration}}",
			title          = "{Topological cell clustering in the ATLAS calorimeters and its performance in LHC Run 1}",
			journal        = "Eur. Phys. J.",
			volume         = "C77",
			year           = "2017",
			pages          = "490",
			doi            = "10.1140/epjc/s10052-017-5004-5",
			eprint         = "1603.02934",
			archivePrefix  = "arXiv",
			primaryClass   = "hep-ex",
			reportNumber   = "CERN-PH-EP-2015-304",
			SLACcitation   = "%%CITATION = ARXIV:1603.02934;%%"
}

@techreport{ATL-PHYS-PUB-2015-015,
			author        = "{{The ATLAS Collaboration}}",
			title         = "{Jet Calibration and Systematic Uncertainties for Jets
											 Reconstructed in the ATLAS Detector at $\sqrt{s}=13$ TeV}",
			institution   = "CERN",
			address       = "Geneva",
			number        = "ATL-PHYS-PUB-2015-015",
			month         = "Jul",
			year          = "2015",
			reportNumber  = "ATL-PHYS-PUB-2015-015",
			url           = "https://cds.cern.ch/record/2037613",
}

@article{Antikt2008,
author = {M. Cacciari, G. P. Salam, G. Soyez},
title = {The Anti-k(t) jet clustering algorithm},
journal = {JHEP},
volume = {0804},
archivePrefix = {arXiv},
eprint = {0802.1189},
primaryClass = {hep-ph},
year = {2008}
}

@article{ATLASJetEnergyScale2013,
author = {{The ATLAS Collaboration}},
title = {{Jet energy scale and its systematic uncertainty in proton-proton collisions at $\sqrt{s}$ = 7 TeV with ATLAS 2011 data}},
year = {2013},
url = {https://cds.cern.ch/record/1509552}
}

@article{ATLASJetPileup2012,
author = {{The ATLAS Collaboration}},
title = {{Pile-up corrections for jets from proton-proton collisions at $\sqrt{s}$ = 7 TeV in ATLAS in 2011}},
year = {2012},
url = {https://cds.cern.ch/record/1459529}
}

@techreport{Lehmacher:1128662,
			author        = "Lehmacher, M",
			title         = "{b-Tagging Algorithms and their Performance at ATLAS}",
			institution   = "CERN",
			address       = "Geneva",
			number        = "ATL-PHYS-PROC-2008-052. ATL-COM-PHYS-2008-152",
			month         = "Jul",
			year          = "2008",
			reportNumber  = "ATL-PHYS-PROC-2008-052",
			url           = "http://cds.cern.ch/record/1128662",
}

@techreport{ATL-PHYS-PUB-2017-011,
			author        = "{{The ATLAS Collaboration}}",
			title         = "{Secondary vertex finding for jet flavour identification, with the ATLAS detector}",
			institution   = "CERN",
			address       = "Geneva",
			number        = "ATL-PHYS-PUB-2017-011",
			month         = "Jun",
			year          = "2017",
			reportNumber  = "ATL-PHYS-PUB-2017-011",
			url           = "https://cds.cern.ch/record/2270366",
}

@techreport{ATL-PHYS-PUB-2015-001,
			author        = "{{The ATLAS Collaboration}}",
			title         = "{Performance and Calibration of the JetFitterCharm
											 Algorithm for c-Jet Identification}",
			institution   = "CERN",
			address       = "Geneva",
			number        = "ATL-PHYS-PUB-2015-001",
			month         = "Jan",
			year          = "2015",
			reportNumber  = "ATL-PHYS-PUB-2015-001",
			url           = "http://cds.cern.ch/record/1980463",
}

@BOOK{BDT,
	author        = {Leo Breiman and others},
	title         = {{Classification and Regression Trees}},
	publisher     = {Chapman \& Hall},
	address       = {New York},
	year          = {1984},
	pages         = {358},
	isbn          = {0-412-04841-8},
	url           = {http://www.crcpress.com/catalog/C4841.htm},
}



@article{1742-6596-119-3-032032,
	author={G Piacquadio and C Weiser},
	title={A new inclusive secondary vertex algorithm for b-jet tagging in ATLAS},
	journal={Journal of Physics: Conference Series},
	volume={119},
	number={3},
	pages={032032},
	url={http://stacks.iop.org/1742-6596/119/i=3/a=032032},
	year={2008}
}

@article{Aad:2015ydr,
			author = {{The ATLAS Collaboration}},
			title          = "{Performance of $b$-Jet Identification in the ATLAS Experiment}",
			journal        = "JINST",
			volume         = "11",
			year           = "2016",
			number         = "04",
			pages          = "P04008",
			doi            = "10.1088/1748-0221/11/04/P04008",
			eprint         = "1512.01094",
			archivePrefix  = "arXiv",
			primaryClass   = "hep-ex",
			reportNumber   = "CERN-PH-EP-2015-216",
			SLACcitation   = "%%CITATION = ARXIV:1512.01094;%%"
}

@article{Zn,
title = "Evaluation of three methods for calculating statistical significance when incorporating a systematic uncertainty into a test of the background-only hypothesis for a Poisson process",
journal = "Nuclear Instruments and Methods in Physics Research Section A: Accelerators, Spectrometers, Detectors and Associated Equipment",
volume = "595",
number = "2",
pages = "480 - 501",
year = "2008",
issn = "0168-9002",
doi = "https://doi.org/10.1016/j.nima.2008.07.086",
url = "http://www.sciencedirect.com/science/article/pii/S0168900208010255",
author = "Robert D. Cousins and James T. Linnemann and Jordan Tucker",
keywords = "Hypothesis test, Confidence interval, Systematic uncertainties"
}

@INPROCEEDINGS{sigHEP,
	 author = {{Linnemann}, J.},
		title = "{Measures of Significance in HEP and Astrophysics}",
booktitle = {Statistical Problems in Particle Physics, Astrophysics, and Cosmology},
		 year = 2003,
	 eprint = {physics/0312059},
	 editor = {{Lyons}, L. and {Mount}, R. and {Reitmeyer}, R.},
		pages = {35},
	 adsurl = {http://adsabs.harvard.edu/abs/2003sppp.conf...35L},
	adsnote = {Provided by the SAO/NASA Astrophysics Data System}
}

@article{Brun:1997pa,
			author         = "Brun, R. and Rademakers, F.",
			title          = "{ROOT: An object oriented data analysis framework}",
			booktitle      = "{New computing techniques in physics research V.
												Proceedings, 5th International Workshop, AIHENP '96,
												Lausanne, Switzerland, September 2-6, 1996}",
			journal        = "Nucl. Instrum. Meth.",
			volume         = "A389",
			year           = "1997",
			pages          = "81-86",
			doi            = "10.1016/S0168-9002(97)00048-X",
			SLACcitation   = "%%CITATION = NUIMA,A389,81;%%"
}

@INPROCEEDINGS{2010acat.confE..57M,
	 author = {{Moneta}, L. and {Cranmer}, K. and {Schott}, G. and {Verkerke}, W.
	},
		title = "{The RooStats project}",
booktitle = {Proceedings of the 13th International Workshop on Advanced Computing and Analysis Techniques in Physics Research. February 22-27, 2010, Jaipur, India. http://acat2010.cern.ch/. Published online at <A href=``http://pos.sissa.it/cgi-bin/reader/conf.cgi?confid=93''>http://pos.sissa.it/cgi-bin/reader/conf.cgi?confid=93</A>, id. \#57},
		 year = 2010,
archivePrefix = "arXiv",
	 eprint = {1009.1003},
 primaryClass = "physics.data-an",
	 adsurl = {http://adsabs.harvard.edu/abs/2010acat.confE..57M},
	adsnote = {Provided by the SAO/NASA Astrophysics Data System}
}


@techreport{ATL-PHYS-PUB-2016-012,
			title         = "{Optimisation of the ATLAS $b$-tagging performance for the
											 2016 LHC Run}",
			institution   = "CERN",
			collaboration = "ATLAS",
			address       = "Geneva",
			number        = "ATL-PHYS-PUB-2016-012",
			month         = "Jun",
			year          = "2016",
			reportNumber  = "ATL-PHYS-PUB-2016-012",
			url           = "http://cds.cern.ch/record/2160731",
}

@ARTICLE{2007physics3039H,
	 author = {{Hoecker}, A. and {Speckmayer}, P. and {Stelzer}, J. and {Therhaag}, J. and 
	{von Toerne}, E. and {Voss}, H. and {Backes}, M. and {Carli}, T. and 
	{Cohen}, O. and {Christov}, A. and {Dannheim}, D. and {Danielowski}, K. and 
	{Henrot-Versille}, S. and {Jachowski}, M. and {Kraszewski}, K. and 
	{Krasznahorkay}, Jr., A. and {Kruk}, M. and {Mahalalel}, Y. and 
	{Ospanov}, R. and {Prudent}, X. and {Robert}, A. and {Schouten}, D. and 
	{Tegenfeldt}, F. and {Voigt}, A. and {Voss}, K. and {Wolter}, M. and 
	{Zemla}, A.},
		title = "{TMVA - Toolkit for Multivariate Data Analysis}",
	journal = {ArXiv Physics e-prints},
	 eprint = {physics/0703039},
 keywords = {Physics - Data Analysis, Statistics and Probability},
		 year = 2007,
		month = mar
}

@techreport{ATLASMet2015,
			author = "{{The ATLAS Collaboration}}",
			title         = "{Performance of missing transverse momentum reconstruction
											 for the ATLAS detector in the first proton-proton
											 collisions at at $\sqrt s$= 13 TeV}",
			institution   = "CERN",
			address       = "Geneva",
			number        = "ATL-PHYS-PUB-2015-027",
			month         = "Jul",
			year          = "2015",
			reportNumber  = "ATL-PHYS-PUB-2015-027",
			url           = "http://cds.cern.ch/record/2037904",
}

@article{ATLASBtag2011,
author = {{The ATLAS Collaboration}},
title = {{Commissioning of the ATLAS high-performance b-tagging algorithms in the 7 TeV collision data}},
year = {2011},
url = {https://cds.cern.ch/record/1369219}
}

@article{ATLASTauReco2011,
author = {{The ATLAS Collaboration}},
title = {{Performance of the Reconstruction and Identification of Hadronic Tau Decays with ATLAS}},
reportNumber = {ATLAS-CONF-2011-152},
year = {2011},
url = {https://cds.cern.ch/record/1398195}
}
@article{ATLASTauID2015,
author = {{The ATLAS Collaboration}},
title = {{Identification and energy calibration of hadronically decaying tau leptons with the ATLAS experiment in $pp$ collisions at $\sqrt{s}$ = 8 TeV}},
journal = {Eur. Phys. J. C},
volume = {75:303},
doi = {10.1140/epjc/s10052-015-3500-z},
year = {2015}
}

@article{ATLASMet2012,
author = {{The ATLAS Collaboration}},
title = {{Performance of missing transverse momentum reconstruction in proton-proton collisions at $\sqrt{s}$ = 7 TeV with ATLAS}},
journal = {Eur. Phys. J. C},
volume = {75},
number = {1844},
doi = {10.1140/epjc/s10052-011-1844-6},
year = {2012}
}

@article{ATLASMet2013,
author = {{The ATLAS Collaboration}},
title = {{Performance of Missing Transverse Momentum Reconstruction in ATLAS studied in Proton-Proton Collisions recorded in 2012 at $\sqrt{s}$ = 8 TeV}},
reportNumber = {ATLAS-CONF-2013-082},
year = {2013},
url = {https://cds.cern.ch/record/1570993}
}

@article{ATLASmuontrigger,
author = {{The ATLAS Collaboration}},
title = {Performance of the ATLAS muon trigger in pp collisions at $\sqrt{s}$ = 8 TeV},
journal = {Eur. Phys. J. C},
volume = {75},
number = {3},
year ={2015},
doi={10.1140/epjc/s10052-015-3325-9},
}

@article{Nason,
			author         = {{P. Nason}},
			title          = {{A New method for combining NLO QCD with shower Monte
												Carlo algorithms}},
			journal        = {JHEP},
			volume         = {11},
			pages          = {040},
			doi            = {10.1088/1126-6708/2004/11/040},
			year           = {2004}
}
@article{Frixione,
			author         = {{S. Frixione, and P. Nason, and C. Oleari}},
			title          = {{Matching NLO QCD computations with Parton Shower
												simulations: the POWHEG method}},
			journal        = {JHEP},
			volume         = {11},
			pages          = {070},
			doi            = {10.1088/1126-6708/2007/11/070},
			year           = {2007}
}

@article{Pythiatune2011,
author = {{The ATLAS Collaboration}},
title = {ATLAS tunes of PYTHIA 6 and Pythia 8 for MC11},
reportNumber = {ATL-PHYS-PUB-2011-09},
url = {https://cds.cern.ch/record/1363300}
}

@article{Lai2010,
author = {{H. L. Lai, et al.}},
title = {New parton distributions for collider physics},
journal = {Phys. Rev.},
volume = {D82},
year = {2010},
doi = {10.1103/PhysRevD.82.074024}
}

@article{Campbell2011,
author = {J. Campbell, R. Ellis and C. Williams},
title = {Vector boson pair production at the LHC},
journal = {JHEP},
volume = {07},
year = {2011},
doi = {10.1007/JHEP07(2011)018}
}

@article{Campbell1999,
author = {J. Campbell and R. Ellis},
title = {An Update on vector boson pair production at hadron colliders},
journal = {Phys.Rev.},
volume = {D60},
year = {1999},
doi = {10.1103/PhysRevD.60.113006}
}


@article{Beenakker1997,
author = {W. Beenakker, R. Hopker, M. Spira and P. Zerwas},
title = {Squark and gluino production at hadron colliders},
journal = {Nucl.Phys},
volume = {B492},
year = {1997},
doi = {10.1016/S0550-3213(97)80027-2}
}
@article{Beenakker1999,
author = {{W. Beenakker, et al.}},
title = {The Production of Charginos/Neutralinos and Sleptons at Hadron Colliders },
journal = {Phys.Rev.Lett},
volume = {83},
year = {1999},
doi = {10.1103/PhysRevLett.83.3780}
}


%%%%%%%%%%%% Powheg
%%%%%%%%%%%% CT10
@article{CT10pdf,
			author         = "Lai, Hung-Liang and others",
			title          = "{New parton distributions for collider physics}",
			journal        = "Phys. Rev.",
			volume         = "D 82",
			pages          = "074024",
			doi            = "10.1103/PhysRevD.82.074024",
			year           = "2010",
			reportNumber   = "MSUHEP-100707, SMU-HEP-10-10",
			SLACcitation   = "%%CITATION = ARXIV:1007.2241;%%",
}
%%%%%%%%%%%% PYTHIA 6
@Article{Sjostrand:2006za,
		 author    = "Sj{\"o}strand, Torbjorn and Mrenna, Stephen and Skands, Peter Z.",
		 title     = "{PYTHIA 6.4 Physics and Manual}",
		 journal   = "JHEP",
		 volume    = "05",
		 year      = "2006",
		 pages     = "026",
		 doi       = "10.1088/1126-6708/2006/05/026",
		 SLACcitation  = "%%CITATION = HEP-PH/0603175;%%"
}
%%%%%%%%%%%% MCFM
@article{mcfm1,
			author         = "Campbell, John M. and Ellis, R. Keith",
			title          = "{An Update on vector boson pair production at hadron
												colliders}",
			journal        = "Phys. Rev.",
			volume         = "D 60",
			pages          = "113006",
			doi            = "10.1103/PhysRevD.60.113006",
			year           = "1999",
			reportNumber   = "FERMILAB-PUB-99-146-T",
			SLACcitation   = "%%CITATION = HEP-PH/9905386;%%",
}
@article{mcfm2,
			author         = "Campbell, John M. and others",
			title          = "{Vector boson pair production at the LHC}",
			journal        = "JHEP",
			volume         = "07",
			pages          = "018",
			doi            = "10.1007/JHEP07(2011)018",
			year           = "2011",
			reportNumber   = "FERMILAB-PUB-11-182-T",
			SLACcitation   = "%%CITATION = ARXIV:1105.0020;%%",
}
%%%%%%%%%%%% Sherpa
@article{Sherpa,
			author         = "Gleisberg, T. and others",
			title          = "{Event generation with SHERPA 1.1}",
			journal        = "JHEP",
			volume         = "02",
			pages          = "007",
			doi            = "10.1088/1126-6708/2009/02/007",
			year           = "2009",
			reportNumber   = "FERMILAB-PUB-08-477-T, SLAC-PUB-13420, ZU-TH-17-08,
												DCPT-08-138, IPPP-08-69, EDINBURGH-2008-30, MCNET-08-14",
}
%%%%%%%%%%%%%% gg2VV
@article{Kauer:2012hd,
			author         = "Kauer, Nikolas and Passarino, Giampiero",
			title          = "{Inadequacy of zero-width approximation for a light Higgs
												boson signal}",
			journal        = "JHEP",
			volume         = "08",
			pages          = "116",
			doi            = "10.1007/JHEP08(2012)116",
			year           = "2012",
			SLACcitation   = "%%CITATION = ARXIV:1206.4803;%%",                                                                                                                                               
}
%%%%%%%%%%%%% Tunes 
@article{mc11ctunes,
		 author         = "{{The ATLAS Collaboration}}",
		 year           = "2011",
		 title          = "{ATLAS tunes of PYTHIA 6 and Pythia 8 for MC11}",
		 journal   = "ATL-PHYS-PUB-2011-009",
		 url          = "http://cdsweb.cern.ch/record/1363300"
}
%%%%%%%%%%%% Triboson xs
@article{Campanario:2008yg,
			author         = "Campanario, F. and others",
			title          = "{QCD corrections to charged triple vector boson
												production with leptonic decay}",
			journal        = "Phys. Rev.",
			volume         = "D 78",
			pages          = "094012",
			doi            = "10.1103/PhysRevD.78.094012",
			year           = "2008",
			reportNumber   = "KA-TP-19-2008, FT-VV-08-0309",
			SLACcitation   = "%%CITATION = ARXIV:0809.0790;%%",
}
%%%%%%%%%%%% CTEQ6
@Article{Pumplin:2002vw,
		 author    = "Pumplin, J. and others",
		 title     = "{New generation of parton distributions with uncertainties
									from global QCD analysis}",
		 journal   = "JHEP",
		 volume    = "07",
		 year      = "2002",
		 pages     = "012",
			doi            = "10.1088/1126-6708/2002/07/012",
		 SLACcitation  = "%%CITATION = HEP-PH/0201195;%%"
}
%%%%%%%%%%%% Higgs cross sections
@article{Dittmaier:2012vm,
			author         = "Dittmaier, S. and others",
			title          = "{Handbook of LHC Higgs Cross Sections: 2. Differential Distributions}",
			year           = "2012",
			eprint         = "1201.3084",
			archivePrefix  = "arXiv",
			primaryClass   = "hep-ph",
			reportNumber   = "CERN-2012-002",
			SLACcitation   = "%%CITATION = ARXIV:1201.3084;%%",
}
%%%%%%%%%%%% Alpgen
@article{Mangano:2002ea,
			author         = "Mangano, Michelangelo L. and others",
			title          = "{ALPGEN, a generator for hard multiparton processes in
												hadronic collisions}",
			journal        = "JHEP",
			volume         = "07",
			pages          = "001",
			doi            = "10.1088/1126-6708/2003/07/001",
			year           = "2003",
			reportNumber   = "CERN-TH-2002-129, FTN-T-2002-06",
			SLACcitation   = "%%CITATION = HEP-PH/0206293;%%",
}
%%%%%%%%%%%% Madgraph
@article{Alwall:2007mg,
	author = {{J. Alwall, et al}},
	title = {{MadGraph/MadEvent v4: The New Web Generation}},
	journal = {JHEP},
	volume = {09},
	year = {2007},
	doi = {10.1088/1126-6708/2007/09/028}
	}

%%%%%%%%%%%% ttV xs
@article{ttZ,
			author         = "Kardos, Adam and others",
			title          = "{Top quark pair production in association with a Z-boson at NLO accuracy}",
			journal        = "Phys. Rev.",
			volume         = "D 85",
			pages          = "054015",
			doi            = "10.1103/PhysRevD.85.054015",
			year           = "2012",
}
@article{ttW,
			author         = "Campbell, John M. and Ellis, R. Keith",
			title          = "{$t \bar{t} W^{+-}$ production and decay at NLO}",
			journal        = "JHEP",
			volume         = "07",
			pages          = "052",
			doi            = "10.1007/JHEP07(2012)052",
			year           = "2012",
}

@article{ttbar,
author = {{M. Aliev, et al.}},
title = {{HATHOR - HAdronic Top and Heavy quarks crOss section calculatoR}},
journal = {Computer Physics Communications},
volume = {182},
year = {2011},
doi = {10.1016/j.cpc.2010.12.040},
}
%%%%%%%%%%%% Top xs 
@article{Cacciari:2011hy,
			author         = "Cacciari, Matteo and others",
			title          = "{Top-pair production at hadron colliders with
												next-to-next-to-leading logarithmic soft-gluon
												resummation}",
			journal        = "Phys. Lett.",
			volume         = "B 710",
			pages          = "612-622",
			doi            = "10.1016/j.physletb.2012.03.013",
			year           = "2012",
			reportNumber   = "CERN-PH-TH-2011-277, TTK-11-54",
			SLACcitation   = "%%CITATION = ARXIV:1111.5869;%%",
}
@article{Baernreuther:2012ws,
			author         = "B{\"a}rnreuther, Peter and Czakon, Michal and Mitov,
												Alexander",
			title          = "{Percent Level Precision Physics at the Tevatron: First
												Genuine NNLO QCD Corrections to $q \bar{q} \to t \bar{t} +X$}",
			journal        = "Phys. Rev. Lett.",
			volume         = "109",
			pages          = "132001",
			doi            = "10.1103/PhysRevLett.109.132001",
			year           = "2012",
			reportNumber   = "CERN-PH-TH-2012-092",
			SLACcitation   = "%%CITATION = ARXIV:1204.5201;%%",
}
@article{Czakon:2012zr,
			author         = "Czakon, Michal and Mitov, Alexander",
			title          = "{NNLO corrections to top-pair production at hadron
												colliders: the all-fermionic scattering channels}",
			journal        = "JHEP",
			volume         = "12",
			pages          = "054",
			doi            = "10.1007/JHEP12(2012)054",
			year           = "2012",
			reportNumber   = "CERN-PH-TH-2012-181",
			SLACcitation   = "%%CITATION = ARXIV:1207.0236;%%",
}
@article{Czakon:2012pz,
			author         = "Czakon, Michal and Mitov, Alexander",
			title          = "{NNLO corrections to top pair production at hadron
												colliders: the quark-gluon reaction}",
			journal        = "JHEP",
			volume         = "01",
			pages          = "080",
			doi            = "10.1007/JHEP01(2013)080",
			year           = "2013",
			reportNumber   = "CERN-PH-TH-2012-286",
			SLACcitation   = "%%CITATION = ARXIV:1210.6832;%%",
}
@article{Czakon:2013goa,
			author         = "Czakon, Michal and Fiedler, Paul and Mitov, Alexander",
			title          = "{The total top quark pair production cross-section at
												hadron colliders through $O(\alpha_{S}^{4})$}",
			journal        = "Phys. Rev. Lett.",
			volume         = "110",
			pages          = "252004",
			doi            = "10.1103/PhysRevLett.110.252004",
			year           = "2013",
			reportNumber   = "CERN-PH-TH-2013-056, TTK-13-08",
			SLACcitation   = "%%CITATION = ARXIV:1303.6254;%%",
}
@article{Czakon:2011xx,
			author         = "Czakon, Michal and Mitov, Alexander",
			title          = "{Top++: A Program for the Calculation of the Top-Pair
												Cross-Section at Hadron Colliders}",
			journal        = "Comput. Phys. Commun.",
			volume         = "185",
			year           = "2014",
			pages          = "2930",
			doi            = "10.1016/j.cpc.2014.06.021",
			reportNumber   = "CERN-PH-TH-2011-303, TTK-11-58",
			SLACcitation   = "%%CITATION = ARXIV:1112.5675;%%"
}
@article{Skands:2010ak,
			author         = "Skands, Peter Zeiler",
			title          = "{Tuning Monte Carlo Generators: The Perugia Tunes}",
			journal        = "Phys. Rev.",
			volume         = "D82",
			pages          = "074018",
			doi            = "10.1103/PhysRevD.82.074018",
			year           = "2010",
			reportNumber   = "MCNET-10-08, CERN-PH-TH-2010-113",
			SLACcitation   = "%%CITATION = ARXIV:1005.3457;%%",
}

%%%%%%%%%%%% ACERMC
@article{Kersevan:2004yg,
			author = "Borut Paul Kersevan and Elzbieta Richter-Was",
			title = "{The Monte Carlo event generator AcerMC versions 2.0 to 3.8 with interfaces to PYTHIA 6.4, HERWIG 6.5 and ARIADNE 4.1}",
			journal = "Comput. Phys. Commun.",
			volume = "184",
			pages = "919 - 985",
			year = "2013",
			note = "",
			issn = "0010-4655",
			doi = "10.1016/j.cpc.2012.10.032",
}
@article{Kidonakis:2011wy,
			author         = "Kidonakis, Nikolaos",
			title          = "{Next-to-next-to-leading-order collinear and soft gluon
												corrections for t-channel single top quark production}",
			journal        = "Phys. Rev.",
			volume         = "D 83",
			pages          = "091503",
			doi            = "10.1103/PhysRevD.83.091503",
			year           = "2011",
			SLACcitation   = "%%CITATION = ARXIV:1103.2792;%%",
}
@article{Kidonakis:2010tc,
			author         = "Kidonakis, Nikolaos",
			title          = "{NNLL resummation for s-channel single top quark
												production}",
			journal        = "Phys. Rev.",
			volume         = "D 81",
			pages          = "054028",
			doi            = "10.1103/PhysRevD.81.054028",
			year           = "2010",
			SLACcitation   = "%%CITATION = ARXIV:1001.5034;%%",
}
@article{Kidonakis:2010ux,
			author         = "Kidonakis, Nikolaos",
			title          = "{Two-loop soft anomalous dimensions for single top quark
												associated production with a W- or H-}",
			journal        = "Phys. Rev.",
			volume         = "D 82",
			pages          = "054018",
			doi            = "10.1103/PhysRevD.82.054018",
			year           = "2010",
			SLACcitation   = "%%CITATION = ARXIV:1005.4451;%%",
}
@Article{Frixione:2005vw,
		 author    = "Frixione, Stefano and others",
		 title     = "{Single-top production in MC@NLO}",
		 journal   = "JHEP",
		 volume    = "03",
		 year      = "2006",
		 pages     = "092",
		 doi       = "10.1088/1126-6708/2006/03/092",
		 SLACcitation  = "%%CITATION = HEP-PH/0512250;%%"
}
@Article{Frixione:2008yi,
		 author    = "Frixione, Stefano and others",
		 title     = "{Single-top hadron production in association with a W
									boson}",
		 journal   = "JHEP",
		 volume    = "07",
		 year      = "2008",
		 pages     = "029",
		 doi       = "10.1088/1126-6708/2008/07/029",
		 SLACcitation  = "%%CITATION = 0805.3067;%%"
}
@article{tZ,
			author         = "Campbell, John and Ellis, R. Keith and Rontsch, Raoul",
			title          = "{Single top production in association with a Z boson at
												the LHC}",
			journal        = "Phys. Rev.",
			volume         = "D87",
			pages          = "114006",
			doi            = "10.1103/PhysRevD.87.114006",
			year           = "2013",
			SLACcitation   = "%%CITATION = ARXIV:1302.3856;%%",
}

%%%%%%%%%%%% W/Z+jets xs
@article{Catani:2009sm,
			author         = "Catani, Stefano and others",
			title          = "{Vector boson production at hadron colliders: A Fully
												exclusive QCD calculation at NNLO}",
			journal        = "Phys. Rev. Lett.",
			volume         = "103",
			pages          = "082001",
			doi            = "10.1103/PhysRevLett.103.082001",
			year           = "2009",
			SLACcitation   = "%%CITATION = ARXIV:0903.2120;%%",
}
@article{Martin:2009iq,
			author         = "Martin, A.D. and others",
			title          = "{Parton distributions for the LHC}",
			journal        = "Eur. Phys. J.",
			volume         = "C 63",
			pages          = "189-285",
			doi            = "10.1140/epjc/s10052-009-1072-5",
			year           = "2009",
			reportNumber   = "IPPP-08-95, DCPT-08-190, CAVENDISH-HEP-08-16",
			SLACcitation   = "%%CITATION = ARXIV:0901.0002;%%",
}
%%%%%%%%%%%% Herwig++
@article{herwigplusplus,
			author         = "B{\"a}hr, M. and others",
			title          = "{Herwig++ Physics and Manual}",
			journal        = "Eur. Phys. J.",
			volume         = "C 58",
			pages          = "639-707",
			doi            = "10.1140/epjc/s10052-008-0798-9",
			year           = "2008",
			reportNumber   = "CERN-PH-TH-2008-038, CAVENDISH-HEP-08-03, KA-TP-05-2008,
												DCPT-08-22, IPPP-08-11, CP3-08-05",
			SLACcitation   = "%%CITATION = ARXIV:0803.0883;%%",
}

@Article{Beenakker:1996ch,
			author         = "Beenakker, W. and others",
			title          = "{Squark and gluino production at hadron colliders}",
			journal        = "Nucl. Phys.",
			volume         = "B 492",
			pages          = "51-103",
			doi            = "10.1016/S0550-3213(97)00084-9",
			year           = "1997",
			reportNumber   = "DESY-96-150, CERN-TH-96-215",
			SLACcitation   = "%%CITATION = HEP-PH/9610490;%%",
}

@article{ueee3,
			author         = "Gieseke, S. and Rohr, A.S.",
		 title     = "{Colour reconnections in Herwig++}",
		 journal   = "Eur. Phys. J. C",
		 volume    = "72",
		 year      = "2012",
		 pages     = "2225",
		 doi       = "10.1140/epjc/s10052-012-2225-5",
		 SLACcitation   = "%%CITATION = ARXIV:1206.0041;%%",
}

%%%%%%%%% MLM
@article{Alwall:2007fs,
			author         = "Alwall, Johan and others",
			title          = "{Comparative study of various algorithms for the merging
												of parton showers and matrix elements in hadronic
												collisions}",
			journal        = "Eur. Phys. J.",
			volume         = "C53",
			pages          = "473-500",
			doi            = "10.1140/epjc/s10052-007-0490-5",
			year           = "2008",
			reportNumber   = "SLAC-PUB-12604, CERN-PH-TH-2007-066, LU-TP-07-13,
												KA-TP-06-2007, DCPT-07-62, IPPP-07-31",
			SLACcitation   = "%%CITATION = ARXIV:0706.2569;%%",
}
%%%%%%%%%%%%%%%%%%%%%%%%%%%%% End of Generator/tune/NLO 
@misc{BCHCleaning,
url = {https://twiki.cern.ch/twiki/bin/view/Sandbox/StevenScrammBCHSandbox}
}

@article{Campbell2012,
			author = {Campbell, J.M. and Ellis, R.K.},
			title = {ttW + production and decay at NLO},
			journal = {JHEP},
			volume = {1207},
			year = 2012,
			issue = 052, 
			doi = {10.1007/JHEP07(2012)052}
}	

@article{Kardos2012,
			author = {{A. Kardos, and Z. Trocsanyi, and C.G. Papadopoulos}},
			title = {Top quark pair production in association with a Z-boson at next-to-leading order accuracy},
			journal = {Phys. Rev. D},
			volume = {85},
			year = 2012,
			issue = 054015, 
			doi = {10.1103/PhysRevD.85.054015}
}

@article{Butterworth2010,
			author = {{J. Butterworth, et al.}},
			title = {Single Boson and Diboson Production Cross Sections in pp collisions at $sqrt{s}$ = 7 TeV},
			journal = {Tech. Rep. ATL-COM-PHYS-2010-695},
			year = 2010,
}

@article{Dittmaier2012, 
			author = {{S. Dittmaier, et al.}},
			title = {Handbook of LHC Higgs Cross Sections: 2. Differential Distributions},
			journal = {CERN-2012-002},
			year = 2012,
			doi = {10.5170/CERN-2012-002}
 }

@article{DrellYan,
author = {{The ATLAS Collaboration}},
title = {Measurement of the low-mass Drell-Yan differential cross section at $\sqrt{s}$ = 7 TeV using the ATLAS detector},
journal = {JHEP},
volume = {06},
year = {2014},
reportNumber = {CERN-PH-EP-2014-020},
doi = {10.1007/JHEP06(2014)112}
}

@article{JPsiUpsilon,
	author = {J. P. Lansberg},
	title =  {Total J/Psi and Upsilon production cross section at the LHC: theory vs. experiment},
	archivePrefix = {arXiv},
	eprint = {1012.2815},
	primaryClass = {hep-ph}
}

@article{Lonnblad2012,
	author = {Leif Lonnblad, Stefan Prestel},
	title = {Merging Multi-leg NLO Matrix Elements with Parton Showers},
	archivePrefix = {arXiv},
	eprint = {1211.7278},
	doi = {10.1007/JHEP03(2013)166},
}

@article{H1ZEUS,
	author ={H1 and ZEUS Collaborations},
	title = {Combined Measurement and QCD Analysis of the Inclusive ep Scattering Cross Sections at HERA},
	year = {2010},
	month = {Jan},
	journal = {JHEP},
	volume = {109},
	doi = {10.1007/JHEP01(2010)109}
}

@misc{PDF4LHC,
			url = {http://www.hep.ucl.ac.uk/pdf4lhc/PDF4LHC_practical_guide.pdf}
}

@misc{MCTruthClassifier,
	author = {{The ATLAS Collaboration}},
	title = {MCTruthClassifier},
	url = {https://twiki.cern.ch/twiki/bin/viewauth/AtlasProtected/MCTruthClassifier},
	}


@article{PDF4LHCWG,
	author = {{S. Alekhin, et al.}},
	title = {The PDF4LHC Working Group Interim Report},
	year = 2011, 
	eprint = "1101.0536",
	archivePrefix = "arXiv"
}

@article{NadolskyCTEQ2008,
			author = {{P. M. Nadolsky, et al.}},
			title = {Implications of CTEQ global analysis for collider observables},
			journal = {Phys. Rev.},
			volume = {D78},
			number = {013004},
			year = {2008},
			doi = {10.1103/PhysRevD.78.013004}
}

@article{ATLASPerf08,
author = {{The ATLAS Collaboration}},
title = {Expected Performance of the ATLAS Experiment - Detector, Trigger and Physics},
archivePrefix = {arXiv},
eprint = {0901.0512},
primaryClass = {hep-ex}
}

@article{ATLAS2013JES,
author = {{The ATLAS Collaboration}},
title = {Jet energy scale and its systematic uncertainty in proton-proton collisions at $\sqrt{s}$ = 7 TeV with ATLAS 2011 data},
url = {https://cds.cern.ch/record/1509552}
}
@article{ATLAS2010JER,
author = {{The ATLAS Collaboration}},
title = {Jet energy resolution and selection efficiency relative to track jets from in-situ techniques with the ATLAS detector using proton-proton collisioins at a centre of mass energy $\sqrt{s}$= 7 TeV},
url = {https://inspirehep.net/record/1204034}
}

@article{ATLAS13TeVJES,
      author = {{The ATLAS Collaboration}},
      title          = "{Jet energy scale measurements and their systematic
                        uncertainties in proton-proton collisions at $\sqrt{s} =
                        13$ TeV with the ATLAS detector}",
      journal        = "Phys. Rev.",
      volume         = "D96",
      year           = "2017",
      number         = "7",
      pages          = "072002",
      doi            = "10.1103/PhysRevD.96.072002",
      eprint         = "1703.09665",
      archivePrefix  = "arXiv",
      primaryClass   = "hep-ex",
      reportNumber   = "CERN-EP-2017-038",
      SLACcitation   = "%%CITATION = ARXIV:1703.09665;%%"
}

@article{met,
      author         = "Aad, G. and others",
      title          = "{Performance of algorithms that reconstruct missing
                        transverse momentum in $\sqrt{s}=$ 8 TeV proton-proton
                        collisions in the ATLAS detector}",
      collaboration  = "ATLAS",
      journal        = "Eur. Phys. J.",
      volume         = "C77",
      year           = "2017",
      number         = "4",
      pages          = "241",
      doi            = "10.1140/epjc/s10052-017-4780-2",
      eprint         = "1609.09324",
      archivePrefix  = "arXiv",
      primaryClass   = "hep-ex",
      reportNumber   = "CERN-EP-2016-134",
      SLACcitation   = "%%CITATION = ARXIV:1609.09324;%%"
}

@article{ATLAS2013lumi,
			author = {{The ATLAS Collaboration}},
			title = {Improved luminosity determination in pp collisions in $\sqrt{s}$ = 7 TeV using the ATLAS detector at the LHC},
			journal = "Eur. Phys. J.",
			number = "8",
			volume = "C73",
			pages = "2518",
			doi = {10.1140/epjc/s10052-013-2518-3},
			year = "2013",
			eprint = "1302.4393",
			archivePrefix = "arXiv",
			primaryClass = "hep-ex",
			reportNumber = "CERN-PH-EP-2013-026"
}

@article{Kramer2012,
author = {{Kr$\ddot{\text{a}}$mer, et. al}},
title = {Supersymmetry production cross sections in pp collisions at $\sqrt{s}$ = 7 TeV},
year = "2012",
archivePrefix = "arXiv",
primaryClass = "hep-ph",
eprint = "1206.2892v1",
reportNumber = "CERN-PH-TH/2012-163"
}

@article{Alwall2007,
author={{J. Alwall, et. al}},
title = {Comparative study of various algorithms for the merging of parton showers and matrix elements in hadronic collisions},
journal = {Eur. Phys. J.},
volume = {C53},
year = "2007",
doi = {10.1140/epjc/s10052-007-0490-5}
}

@article{Reid2013,
author = {N. Reid},
title = {Likelihood Inference in the Presence of Nuisance Parameters},
year = "2003",
eprint = "physics/0312079",
archivePrefix = "arXiv",
primaryClass = "physics.data-an"
}

@article{Read2002,
author = {A. L. Read},
title = {Presentation of search results: the CL s technique},
journal={Journal of Physics G: Nuclear and Particle Physics},
volume = {28},
number={10},
pages={2693},
url={http://stacks.iop.org/0954-3899/28/i=10/a=313},
year={2002}
}
@article{Read2000,
author = {A. L. Read},
title = {Modified frequentist analysis of search results (the $CL_{s}$ method)},
url={https://cds.cern.ch/record/451614},
year={2000},
reportNumber = {CERN-OPEN-2000-205}
}


@article{Gross,
author = {E. Gross},
title = {LHC Statistics for Pedestrians},
url = {https://cds.cern.ch/record/1099994}
}
@article{Cowan2011,
author = {{G. Cowan, et al.}},
title = {Asymptotic formulae for likelihood-based tests of new physics},
journal = {Eur. Phys. J.},
volume = {C71},
year = {2011},
doi = {10.1140/epjc/s10052-011-1554-0},
archivePrefix = "arXiv",
primaryClass = "physics.data-an",
eprint = "1007.1727"
}

%@article{INTSUSY2013,
author = {{The ATLAS Collaboration}},
title = {{Search for supersymmetry in events with three leptons and missing transverse momentum in 21 fb-1 pp collisions at $\sqrt{s}$ = 8 TeV with the ATLAS Detector}},
url = {https://cds.cern.ch/record/161085},
publisher = {CERN}
}

@article{ThreeLepPaper,
author = {{The ATLAS Collaboration}},
title = {Search for the electroweak production of supersymmetric particles in $\sqrt{s}$ = 8 TeV $pp$ collisions with the ATLAS detector},
year = 2014,
eprint = "1402.7029",
archivePrefix = "arXiv",
primaryClass = "hep-ex",
doi = {10.1007/JHEP(2014)169},
reportNumber = "CERN-PH-EP-2014-019"
}

@article{Compressed3L,
author = {{The ATLAS Collaboration}},
title = {Search for supersymmetry in compressed scenarios with two and three leptons and missing transverse momentum in the final state in 20.3 fb-1 pp collisions at sqrt{s} = 8 TeV with the ATLAS detector},
year = 2015,
reportNumber = "ATL-COM-PHYS-2015-212",
url = {https://cds.cern.ch/record/2004862}
}

@article{NSUSY2015,
author = {{D. Barducci, et. al}},
title = {{ Uncovering Natural Supersymmetry via the interplay between the LHC and Direct Dark Matter Detection}},
year = 2015,
eprint = "1504.02472v2",
archivePrefix = "arXiv",
primaryClass = "hep-ph",
doi = {10.1007/JHEP07(2015)066},
reportNumber = "LAPTH-017/15"
}

@book{CompGeo,
author = {{M. Shamos, F. Preparata}},
title = {{Computational Geometry: Algorithms and Applications}},
year = 2008,
publisher = "Springer-Verlag"
}

@book{Cowan1998,
author = {{G. Cowan}},
title = {{Statistical Data Analysis}},
year = 1998,
publisher = "Clarendon Press"
}

@article{Summary2015,
author = {{The ATLAS Collaboration}},
title = {ATLAS SUSY Electroweak Summary Plot},
url =  {https://atlas.web.cern.ch/Atlas/GROUPS/PHYSICS/CombinedSummaryPlots/SUSY/ATLAS_SUSY_EWSummary/ATLAS_SUSY_EWSummary_201502.png}
}

@article{Beenakker2011,
author ={{W. Beenakker, et al.}},
title={{Squark and Gluino Hadroproduction}},
journal = {Int. J. Mod. Phys.},
volume = {A26},
year = {2011},
doi = {10.1142/S0217751X11053560},
}

@article{Beenakker1996,
author ={{W.Beenakker, R.Hoepker, M.Spira}},
title={{PROSPINO: A Program for the Production of Supersymmetric Particles in Next-to-leading Order QCD}},
archivePrefix={arXiv},
eprint={hep-ph/9611232},
primaryClass ={hep-ph}
}

@article{BSMLHC,
author ={{Eva Halkiadakis, George Redlinger and David Shih}},
title ={{Status and Implications of Beyond-the-Standard-Model Searches at the LHC}},
journal = {Annual Review of Nuclear and Particle Science},
volume = {64},
pages = {319-342},
year = {2014},
doi= {10.1146/annurev-nucl-102313-025632},
archivePrefix={arXiv},
eprint={1411.1427},
primaryClass={hep-ex}
}

@article{ATLASMuonRecoRun2,
author = {{The ATLAS Collaboration}},
title = {Muon reconstruction performance in early $\sqrt{s}$ = 13 TeV data},
url = {https://cds.cern.ch/record/2047831},
reportNumber = {ATL-PHYS-PUB-2015-037}
}

@article{ATLASBjetRun2,
author = {{The ATLAS Collaboration}},
title = {{Expected performance of the ATLAS b-jet trigger in Run-2}},
url = {https://cds.cern.ch/record/2032280/},
reportNumber = {ATL-COM-DAQ-2015-088}
}

@article{ATLASMetReco,
author = {{The ATLAS Collaboration}},
title = {Performance of the Missing Transverse Energy Reconstruction and Calibration in Proton-Proton Collisions at a Centre-of-Mass Energy of 7 TeV with the ATLAS Detector},
url = {https://cds.cern.ch/record/1281330},
reportNumber = {ATLAS-CONF-2010-057}
}

@MISC{ATLAS_a_SMSummary_TotalXsect,
	collaboration = "ATLAS",
	title = {{Summary plots from the ATLAS Standard Model physics group}},
	url = {https://atlas.web.cern.ch/Atlas/GROUPS/PHYSICS/CombinedSummaryPlots/SM/ATLAS_a_SMSummary_TotalXsect/ATLAS_a_SMSummary_TotalXsect.png}

}

% Optional fields: author, title, howpublished, month, year, note
@MISC{Nobel2015,
	author = {{The official website of the Nobel Prize}},
	url = {https://www.nobelprize.org/nobel_prizes/physics/laureates/2015/}
	
}

% Optional fields: author, title, howpublished, month, year, note
@MISC{Nobel2004,
	author = {The Official Website of the Nobel Prize},
	url = {http://www.nobelprize.org/nobel_prizes/physics/laureates/2004/}
}

% Optional fields: author, title, howpublished, month, year, note
@MISC{Nobel1979,
	author = {The Official Website of the Nobel Prize},
	url = {https://www.nobelprize.org/nobel_prizes/physics/laureates/1979/}
	
}

@article{Jegerlehner:2013nna,
	author         = "Jegerlehner, Fred",
	title          = "{The hierarchy problem of the electroweak Standard Model
										revisited}",
	year           = "2013",
	eprint         = "1305.6652",
	archivePrefix  = "arXiv",
	primaryClass   = "hep-ph",
	reportNumber   = "DESY-13-093, HU-EP-13-25, DESY~13-093",
	SLACcitation   = "%%CITATION = ARXIV:1305.6652;%%"
}

@article{Barbieri:1987fn,
			author         = "Barbieri, Riccardo and Giudice, G. F.",
			title          = "{Upper Bounds on Supersymmetric Particle Masses}",
			journal        = "Nucl. Phys.",
			volume         = "B306",
			year           = "1988",
			pages          = "63-76",
			doi            = "10.1016/0550-3213(88)90171-X",
			reportNumber   = "CERN-TH-4825/87",
			SLACcitation   = "%%CITATION = NUPHA,B306,63;%%"
}

@article{susyprimer,
			author         = "Martin, Stephen P.",
			title          = "{A Supersymmetry primer}",
			year           = "1997",
			doi            = "10.1142/9789812839657_0001, 10.1142/9789814307505_0001",
			note           = "[Adv. Ser. Direct. High Energy Phys.18,1(1998)]",
			eprint         = "hep-ph/9709356",
			archivePrefix  = "arXiv",
			primaryClass   = "hep-ph",
			reportNumber   = "FERMILAB-PUB-97-425-T",
			SLACcitation   = "%%CITATION = HEP-PH/9709356;%%"
}

@article{Glashow:1961tr,
			author         = "Glashow, S. L.",
			title          = "{Partial Symmetries of Weak Interactions}",
			journal        = "Nucl. Phys.",
			volume         = "22",
			year           = "1961",
			pages          = "579-588",
			doi            = "10.1016/0029-5582(61)90469-2",
			SLACcitation   = "%%CITATION = NUPHA,22,579;%%"
}

@article{SALAM1964168,
title = "Electromagnetic and weak interactions",
journal = "Physics Letters",
volume = "13",
number = "2",
pages = "168 - 171",
year = "1964",
issn = "0031-9163",
doi = "https://doi.org/10.1016/0031-9163(64)90711-5",
url = "http://www.sciencedirect.com/science/article/pii/0031916364907115",
author = "A. Salam and J.C. Ward"
}

@article{PhysRevLett.19.1264,
	title = {A Model of Leptons},
	author = {Weinberg, Steven},
	journal = {Phys. Rev. Lett.},
	volume = {19},
	issue = {21},
	pages = {1264--1266},
	numpages = {0},
	year = {1967},
	month = {Nov},
	publisher = {American Physical Society},
	doi = {10.1103/PhysRevLett.19.1264},
	url = {https://link.aps.org/doi/10.1103/PhysRevLett.19.1264}
}
